@article{van2013modelling,
  title={Modelling the permeability evolution of carbonate rocks},
  author={Van der Land, Cees and Wood, Rachel and Wu, Kejian and van Dijke, Marinus IJ and Jiang, Zeyun and Corbett, Patrick WM and Couples, Gary},
  journal={Marine and Petroleum Geology},
  volume={48},
  pages={1--7},
  year={2013},
  publisher={Elsevier}
}
@article{wildenschild2013x,
  title={X-ray imaging and analysis techniques for quantifying pore-scale structure and processes in subsurface porous medium systems},
  author={Wildenschild, Dorthe and Sheppard, Adrian P},
  journal={Advances in Water Resources},
  volume={51},
  pages={217--246},
  year={2013},
  publisher={Elsevier}
}
@article{stehli1961mineralogy,
  title={Mineralogy and early diagenesis of carbonate sediments},
  author={Stehli, Francis Greenough and Hower, John},
  journal={Journal of Sedimentary Research},
  volume={31},
  number={3},
  pages={358--371},
  year={1961},
  publisher={SEPM Society for Sedimentary Geology}
}
@article{murray1960origin,
  title={Origin of porosity in carbonate rocks},
  author={Murray, Raymond Carl},
  journal={Journal of Sedimentary Research},
  volume={30},
  number={1},
  pages={59--84},
  year={1960},
  publisher={SEPM Society for Sedimentary Geology}
}
@book{blunt2017multiphase,
  title={Multiphase flow in permeable media: A pore-scale perspective},
  author={Blunt, Martin J},
  year={2017},
  publisher={Cambridge University Press}
}
@article{batchelor1967introduction,
  title={An introduction to fluid dynamics. 1967},
  author={Batchelor, GK},
  journal={Cambridge,: UP xviii},
  volume={615},
  year={1967}
}
@article{westlake1974biodegradability,
  title={Biodegradability and crude oil composition},
  author={Westlake, DWS and Jobson, A and Phillippe, R and Cook, FD},
  journal={Canadian Journal of Microbiology},
  volume={20},
  number={7},
  pages={915--928},
  year={1974},
  publisher={NRC Research Press}
}
@article{lee1974water,
  title={Water-soluble hydrocarbons from crude oil},
  author={Lee, CC and Craig, WK and Smith, PJ},
  journal={Bulletin of environmental contamination and toxicology},
  volume={12},
  number={2},
  pages={212--217},
  year={1974},
  publisher={Springer}
}
@book{craig1971reservoir,
  title={The reservoir engineering aspects of waterflooding},
  author={Craig, Forrest F},
  volume={3},
  year={1971},
  publisher={HL Doherty Memorial Fund of AIME New York}
}
@article{mcdougall1995impact,
  title={The impact of wettability on waterflooding: pore-scale simulation},
  author={McDougall, Steven Robert and Sorbie, Kenneth Stuart and others},
  journal={SPE Reservoir Engineering},
  volume={10},
  number={03},
  pages={208--213},
  year={1995},
  publisher={Society of Petroleum Engineers}
}
@inproceedings{benner1941effect,
  title={The effect of polar impurities upon capillary and surface phenomena in petroleum production},
  author={Benner, FC and Bartel, FE and others},
  booktitle={Drilling and production practice},
  year={1941},
  organization={American Petroleum Institute}
}
@article{crocker1988wettability,
  title={Wettability and adsorption characteristics of crude-oil asphaltene and polar fractions},
  author={Crocker, ME and Marchin, LM and others},
  journal={Journal of petroleum technology},
  volume={40},
  number={04},
  pages={470--474},
  year={1988},
  publisher={Society of Petroleum Engineers}
}
@article{al2005wettability,
  title={Wettability alteration during aging: The application of NMR to monitor fluid redistribution},
  author={Al-Mahrooqi, SH and Grattoni, CA and Muggeridge, AH and Jing, XD},
  journal={Society of Core Analyst},
  pages={21--25},
  year={2005}
}
@article{kowalewski2003wettability,
  title={Wettability alterations due to aging in crude oil; wettability and Cryo-ESEM analyses},
  author={Kowalewski, E and Boassen, T and Torsaeter, O},
  journal={Journal of Petroleum Science and Engineering},
  volume={39},
  number={3-4},
  pages={377--388},
  year={2003},
  publisher={Elsevier}
}
@article{anderson1986wettability,
  title={Wettability literature survey-part 2: Wettability measurement},
  author={Anderson, William and others},
  journal={Journal of petroleum technology},
  volume={38},
  number={11},
  pages={1--246},
  year={1986},
  publisher={Society of Petroleum Engineers}
}
}
@article{abdallah1986fundamentals,
  title={Fundamentals of wettability},
  author={Abdallah, Wael and Buckley, Jill S and Carnegie, Andrew and Edwards, John and Herold, Bernd and Fordham, Edmund and Graue, Arne and Habashy, Tarek and Seleznev, Nikita and Signer, Claude and others},
  journal={Technology},
  volume={38},
  number={1125-1144},
  pages={268},
  year={1986}
}
@article{kovscek1993pore,
  title={A pore-level scenario for the development of mixed wettability in oil reservoirs},
  author={Kovscek, AR and Wong, H and Radke, CJ},
  journal={AIChE Journal},
  volume={39},
  number={6},
  pages={1072--1085},
  year={1993},
  publisher={Wiley Online Library}
}
@article{hui2000effects,
  title={Effects of wettability on three-phase flow in porous media},
  author={Hui, Mun-Hong and Blunt, Martin J},
  journal={The Journal of Physical Chemistry B},
  volume={104},
  number={16},
  pages={3833--3845},
  year={2000},
  publisher={ACS Publications}
}
@inproceedings{cuiec1984rock,
  title={Rock/crude-oil interactions and wettability: An attempt to understand their interrelation},
  author={Cuiec, L and others},
  booktitle={SPE Annual Technical Conference and Exhibition},
  year={1984},
  organization={Society of Petroleum Engineers}
}
@article{hirasaki1991wettability,
  title={Wettability: fundamentals and surface forces},
  author={Hirasaki, GJ and others},
  journal={SPE Formation Evaluation},
  volume={6},
  number={02},
  pages={217--226},
  year={1991},
  publisher={Society of Petroleum Engineers}
}
@phdthesis{buckley1996mechanisms,
  title={Mechanisms and consequences of wettability alteration by crude oils},
  author={Buckley, Jill S and others},
  year={1996},
  school={Heriot-Watt University}
}
@phdthesis{kerimov2014middle,
  title={Middle Bakken wettability evaluation using NMR T2 forward modeling and mineralogy},
  author={Kerimov, Abdulla},
  year={2014},
  school={Colorado School of Mines. Arthur Lakes Library}
}
@article{young1805iii,
  title={III. An essay on the cohesion of fluids},
  author={Young, Thomas},
  journal={Philosophical transactions of the royal society of London},
  number={95},
  pages={65--87},
  year={1805},
  publisher={The Royal Society London}
}
@article{leverett1941capillary,
  title={Capillary behavior in porous solids},
  author={Leverett, MoC and others},
  journal={Transactions of the AIME},
  volume={142},
  number={01},
  pages={152--169},
  year={1941},
  publisher={Society of Petroleum Engineers}
}
@article{helland2006physically,
  title={Physically based capillary pressure correlation for mixed-wet reservoirs from a bundle-of-tubes model},
  author={Helland, Johan Olav and Skjaeveland, Svein M and others},
  journal={SPE Journal},
  volume={11},
  number={02},
  pages={171--180},
  year={2006},
  publisher={Society of Petroleum Engineers}
}
@article{haines1930studies,
  title={Studies in the physical properties of soil. V. The hysteresis effect in capillary properties, and the modes of moisture distribution associated therewith},
  author={Haines, William B},
  journal={The Journal of Agricultural Science},
  volume={20},
  number={1},
  pages={97--116},
  year={1930},
  publisher={Cambridge University Press}
}
@article{datta2014mobilization,
  title={Mobilization of a trapped non-wetting fluid from a three-dimensional porous medium},
  author={Datta, Sujit S and Ramakrishnan, TS and Weitz, David A},
  journal={Physics of Fluids},
  volume={26},
  number={2},
  pages={022002},
  year={2014},
  publisher={AIP}
}
@article{andrew2015imaging,
  title={The imaging of dynamic multiphase fluid flow using synchrotron-based X-ray microtomography at reservoir conditions},
  author={Andrew, Matthew and Menke, Hannah and Blunt, Martin J and Bijeljic, Branko},
  journal={Transport in Porous Media},
  volume={110},
  number={1},
  pages={1--24},
  year={2015},
  publisher={Springer}
}
@article{ma1996effect,
  title={Effect of contact angle on drainage and imbibition in regular polygonal tubes},
  author={Ma, Shouxiang and Mason, Geoffrey and Morrow, Norman R},
  journal={Colloids and Surfaces A: Physicochemical and Engineering Aspects},
  volume={117},
  number={3},
  pages={273--291},
  year={1996},
  publisher={Elsevier}
}
@article{oren1998extending,
  title={Extending predictive capabilities to network models},
  author={Oren, P-E and Bakke, Stig and Arntzen, Ole Jakob and others},
  journal={SPE journal},
  volume={3},
  number={04},
  pages={324--336},
  year={1998},
  publisher={Society of Petroleum Engineers}
}
@article{roof1970snap,
  title={Snap-off of oil droplets in water-wet pores},
  author={Roof, JG and others},
  journal={Society of Petroleum Engineers Journal},
  volume={10},
  number={01},
  pages={85--90},
  year={1970},
  publisher={Society of Petroleum Engineers}
}
@article{lenormand1983mechanisms,
  title={Mechanisms of the displacement of one fluid by another in a network of capillary ducts},
  author={Lenormand, Roland and Zarcone, Cesar and Sarr, A},
  journal={Journal of Fluid Mechanics},
  volume={135},
  pages={337--353},
  year={1983},
  publisher={Cambridge University Press}
}
@inproceedings{lenormand1984role,
  title={Role of roughness and edges during imbibition in square capillaries},
  author={Lenormand, Roland and Zarcone, Cesar and others},
  booktitle={SPE annual technical conference and exhibition},
  year={1984},
  organization={Society of Petroleum Engineers}
}
@article{oren1998extending,
  title={Extending predictive capabilities to network models},
  author={Oren, P-E and Bakke, Stig and Arntzen, Ole Jakob and others},
  journal={SPE journal},
  volume={3},
  number={04},
  pages={324--336},
  year={1998},
  publisher={Society of Petroleum Engineers}
}
@article{blunt1998physically,
  title={Physically-based network modeling of multiphase flow in intermediate-wet porous media},
  author={Blunt, Martin J},
  journal={Journal of Petroleum Science and Engineering},
  volume={20},
  number={3-4},
  pages={117--125},
  year={1998},
  publisher={Elsevier}
}
@article{blunt1992simulation,
  title={Simulation and theory of two-phase flow in porous media},
  author={Blunt, Martin and King, Michael J and Scher, Harvey},
  journal={Physical Review A},
  volume={46},
  number={12},
  pages={7680},
  year={1992},
  publisher={APS}
}
@article{pickell1966application,
  title={Application of air-mercury and oil-air capillary pressure data in the study of pore structure and fluid distribution},
  author={Pickell, JJ and Swanson, BF and Hickman, WB and others},
  journal={Society of Petroleum Engineers Journal},
  volume={6},
  number={01},
  pages={55--61},
  year={1966},
  publisher={Society of Petroleum Engineers}
}
@book{honarpour2018relative,
  title={Relative Permeability Of Petroleum Reservoirs: 0},
  author={Honarpour, Mehdi Matt},
  year={2018},
  publisher={CRC press}
}
@article{peters2012overview,
  title={An overview of basin and petroleum system modeling: Definitions and concepts},
  author={Peters, Kenneth E and Curry, David J and Kacewicz, Marek},
  year={2012},
  publisher={AAPG Special Volumes}
}
@article{kantzas2012fundamentals,
  title={Fundamentals of fluid flow in porous media},
  author={Kantzas, Apostolos and Bryan, Jonathan and Taheri, Saeed},
  journal={Pore size distribution},
  year={2012}
}
@article{gao2006contact,
  title={Contact angle hysteresis explained},
  author={Gao, Lichao and McCarthy, Thomas J},
  journal={Langmuir},
  volume={22},
  number={14},
  pages={6234--6237},
  year={2006},
  publisher={ACS Publications}
}
@inproceedings{spiteri2005relative,
  title={Relative-permeability hysteresis: trapping models and application to geological CO2 sequestration},
  author={Spiteri, Elizabeth and Juanes, Ruben and Blunt, Martin Julian and Orr, Franklin M and others},
  booktitle={SPE Annual Technical Conference and Exhibition},
  year={2005},
  organization={Society of Petroleum Engineers}
}
@article{hounsfield1973computerized,
  title={Computerized transverse axial scanning (tomography): Part 1. Description of system},
  author={Hounsfield, Godfrey N},
  journal={The British journal of radiology},
  volume={46},
  number={552},
  pages={1016--1022},
  year={1973},
  publisher={The British Institute of Radiology}
}
@article{wellington1987x,
  title={X-ray computerized tomography},
  author={Wellington, Scott L and Vinegar, Harold J and others},
  journal={Journal of Petroleum Technology},
  volume={39},
  number={08},
  pages={885--898},
  year={1987},
  publisher={Society of Petroleum Engineers}
}
@article {radon20051,
  title = {1.1 {\ "u} about the determination of functions by their integral values ​​due to certain manifolds},
  author = {Radon, Johann},
  journal = {Classic papers in modern diagnostic radiology},
  volume = {5},
  pages = {21},
  year = {2005},
  publisher = {Springer Berlin - Heidelberg - New York}
}
@article{herman1976convolution,
  title={Convolution reconstruction techniques for divergent beams},
  author={Herman, GT and Lakshminarayanan, AV and Naparstek, A},
  journal={Computers in biology and medicine},
  volume={6},
  number={4},
  pages={259--271},
  year={1976},
  publisher={Elsevier}
}
@article{natterer2001mathematics,
  title={The mathematics of computerized tomography (classics in applied mathematics, vol. 32)},
  author={Natterer, Frank},
  journal={Inverse Problems},
  volume={18},
  pages={283--284},
  year={2001}
}
@article{myers2011dynamic,
  title={Dynamic tomography with a priori information},
  author={Myers, Glenn R and Kingston, Andrew M and Varslot, Trond K and Turner, Michael L and Sheppard, Adrian P},
  journal={Applied optics},
  volume={50},
  number={20},
  pages={3685--3690},
  year={2011},
  publisher={Optical Society of America}
}
@article{barrett2004artifacts,
  title={Artifacts in CT: recognition and avoidance},
  author={Barrett, Julia F and Keat, Nicholas},
  journal={Radiographics},
  volume={24},
  number={6},
  pages={1679--1691},
  year={2004},
  publisher={Radiological Society of North America}
}
@article{diwakar2018review,
  title={A review on CT image noise and its denoising},
  author={Diwakar, Manoj and Kumar, Manoj},
  journal={Biomedical Signal Processing and Control},
  volume={42},
  pages={73--88},
  year={2018},
  publisher={Elsevier}
}
@article{huang1979fast,
  title={A fast two-dimensional median filtering algorithm},
  author={Huang, T and Yang, GJTGY and Tang, Greory},
  journal={IEEE Transactions on Acoustics, Speech, and Signal Processing},
  volume={27},
  number={1},
  pages={13--18},
  year={1979},
  publisher={IEEE}
}
@inproceedings{tomasi1998bilateral,
  title={Bilateral filtering for gray and color images},
  author={Tomasi, Carlo and Manduchi, Roberto},
  booktitle={Sixth international conference on computer vision (IEEE Cat. No. 98CH36271)},
  pages={839--846},
  year={1998},
  organization={IEEE}
}
@article{buades2011non,
  title={Non-local means denoising},
  author={Buades, Antoni and Coll, Bartomeu and Morel, Jean-Michel},
  journal={Image Processing On Line},
  volume={1},
  pages={208--212},
  year={2011}
}
@inproceedings{yan2011new,
  title={New algorithms for sparse representation of discrete signals based on ℓ p-ℓ 2 optimization},
  author={Yan, Jie and Lu, Wu-Sheng},
  booktitle={Proceedings of 2011 IEEE Pacific Rim Conference on Communications, Computers and Signal Processing},
  pages={73--78},
  year={2011},
  organization={IEEE}
}
@inproceedings{yan2011power,
  title={Power-iterative strategy for ℓ p- ℓ 2 optimization for compressive sensing: Towards global solution},
  author={Yan, Jie and Lu, Wu-Sheng},
  booktitle={2011 Conference Record of the Forty Fifth Asilomar Conference on Signals, Systems and Computers (ASILOMAR)},
  pages={1153--1157},
  year={2011},
  organization={IEEE}
}
@inproceedings{yan2012smoothed,
  title={Smoothed ℓ p-ℓ 2 solvers for signal denoising},
  author={Yan, Jie and Lu, Wu-Sheng},
  booktitle={2012 IEEE International Conference on Acoustics, Speech and Signal Processing (ICASSP)},
  pages={3801--3804},
  year={2012},
  organization={IEEE}
}
@article{tikhonov1978methods,
  title={Methods for solving ill-posed extremal problems},
  author={Tikhonov, AN and Vasil’ev, FP},
  journal={Banach Center Publication},
  volume={3},
  pages={297--342},
  year={1978}
}
@article{catte1992image,
  title={Image selective smoothing and edge detection by nonlinear diffusion},
  author={Catt{\'e}, Francine and Lions, Pierre-Louis and Morel, Jean-Michel and Coll, Tomeu},
  journal={SIAM Journal on Numerical analysis},
  volume={29},
  number={1},
  pages={182--193},
  year={1992},
  publisher={SIAM}
}
@article{perona1990scale,
  title={Scale-space and edge detection using anisotropic diffusion},
  author={Perona, Pietro and Malik, Jitendra},
  journal={IEEE Transactions on pattern analysis and machine intelligence},
  volume={12},
  number={7},
  pages={629--639},
  year={1990},
  publisher={IEEE}
}
@article{chambolle2004algorithm,
  title={An algorithm for total variation minimization and applications},
  author={Chambolle, Antonin},
  journal={Journal of Mathematical imaging and vision},
  volume={20},
  number={1-2},
  pages={89--97},
  year={2004},
  publisher={Springer}
}
@article{rudin1992nonlinear,
  title={Nonlinear total variation based noise removal algorithms},
  author={Rudin, Leonid I and Osher, Stanley and Fatemi, Emad},
  journal={Physica D: nonlinear phenomena},
  volume={60},
  number={1-4},
  pages={259--268},
  year={1992},
  publisher={North-Holland}
}
@article{mallat1989theory,
  title={A theory for multiresolution signal decomposition: the wavelet representation},
  author={Mallat, Stephane G},
  journal={IEEE transactions on pattern analysis and machine intelligence},
  volume={11},
  number={7},
  pages={674--693},
  year={1989},
  publisher={Ieee}
}
@article{kang2017deep,
  title={A deep convolutional neural network using directional wavelets for low-dose X-ray CT reconstruction},
  author={Kang, Eunhee and Min, Junhong and Ye, Jong Chul},
  journal={Medical physics},
  volume={44},
  number={10},
  pages={e360--e375},
  year={2017},
  publisher={Wiley Online Library}
}
@article{chen2017low,
  title={Low-dose CT with a residual encoder-decoder convolutional neural network},
  author={Chen, Hu and Zhang, Yi and Kalra, Mannudeep K and Lin, Feng and Chen, Yang and Liao, Peixi and Zhou, Jiliu and Wang, Ge},
  journal={IEEE transactions on medical imaging},
  volume={36},
  number={12},
  pages={2524--2535},
  year={2017},
  publisher={IEEE}
}
@article{chen2017low2,
  title={Low-dose CT via convolutional neural network},
  author={Chen, Hu and Zhang, Yi and Zhang, Weihua and Liao, Peixi and Li, Ke and Zhou, Jiliu and Wang, Ge},
  journal={Biomedical optics express},
  volume={8},
  number={2},
  pages={679--694},
  year={2017},
  publisher={Optical Society of America}
}
@inproceedings{gondara2016medical,
  title={Medical image denoising using convolutional denoising autoencoders},
  author={Gondara, Lovedeep},
  booktitle={2016 IEEE 16th International Conference on Data Mining Workshops (ICDMW)},
  pages={241--246},
  year={2016},
  organization={IEEE}
}
@article{otsu1979threshold,
  title={A threshold selection method from gray-level histograms},
  author={Otsu, Nobuyuki},
  journal={IEEE transactions on systems, man, and cybernetics},
  volume={9},
  number={1},
  pages={62--66},
  year={1979},
  publisher={IEEE}
}
@article{ridler1978picture,
  title={Picture thresholding using an iterative selection method},
  author={Ridler, TW and Calvard, S and others},
  journal={IEEE trans syst Man Cybern},
  volume={8},
  number={8},
  pages={630--632},
  year={1978}
}
@article{sauvola2000adaptive,
  title={Adaptive document image binarization},
  author={Sauvola, Jaakko and Pietik{\"a}inen, Matti},
  journal={Pattern recognition},
  volume={33},
  number={2},
  pages={225--236},
  year={2000},
  publisher={Elsevier}
}
@misc{niblack1986introduction,
  title={An introduction to image analysis},
  author={Niblack, Wayne},
  year={1986},
  publisher={Prentice-Hall International Ltd, London}
}
@article{serra1986introduction,
  title={Introduction to mathematical morphology},
  author={Serra, Jean},
  journal={Computer vision, graphics, and image processing},
  volume={35},
  number={3},
  pages={283--305},
  year={1986},
  publisher={Elsevier}
}
@article{grady2006random,
  title={Random walks for image segmentation},
  author={Grady, Leo},
  journal={IEEE transactions on pattern analysis and machine intelligence},
  volume={28},
  number={11},
  pages={1768--1783},
  year={2006},
  publisher={IEEE}
}
@article{armstrong2012linking,
  title={Linking pore-scale interfacial curvature to column-scale capillary pressure},
  author={Armstrong, Ryan T and Porter, Mark L and Wildenschild, Dorthe},
  journal={Advances in Water Resources},
  volume={46},
  pages={55--62},
  year={2012},
  publisher={Elsevier}
}
@article{alratrout2018wettability,
  title={Wettability in complex porous materials, the mixed-wet state, and its relationship to surface roughness},
  author={AlRatrout, Ahmed and Blunt, Martin J and Bijeljic, Branko},
  journal={Proceedings of the National Academy of Sciences},
  volume={115},
  number={36},
  pages={8901--8906},
  year={2018},
  publisher={National Acad Sciences}
}
@article{klise2016automated,
  title={Automated contact angle estimation for three-dimensional X-ray microtomography data},
  author={Klise, Katherine A and Moriarty, Dylan and Yoon, Hongkyu and Karpyn, Zuleima},
  journal={Advances in water resources},
  volume={95},
  pages={152--160},
  year={2016},
  publisher={Elsevier}
}
@article{reynolds2017dynamic,
  title={Dynamic fluid connectivity during steady-state multiphase flow in a sandstone},
  author={Reynolds, Catriona A and Menke, Hannah and Andrew, Matthew and Blunt, Martin J and Krevor, Samuel},
  journal={Proceedings of the National Academy of Sciences},
  volume={114},
  number={31},
  pages={8187--8192},
  year={2017},
  publisher={National Acad Sciences}
}
@article{khanamiri2018fluid,
  title={Fluid topology in pore scale two-phase flow imaged by synchrotron X-ray microtomography},
  author={Khanamiri, Hamid Hosseinzade and Tors{\ae}ter, Ole},
  journal={Water Resources Research},
  volume={54},
  number={3},
  pages={1905--1917},
  year={2018},
  publisher={Wiley Online Library}
}
@phdthesis{Pak2014thesis,
    title    = {Saturation Tracking and Identification of Residual Oil Saturation },
    school   = {The University of Edinburgh},
    author   = {Pak,Tannaz},
    year     = {2014} 
}
@article{berg2013real,
  title={Real-time 3D imaging of Haines jumps in porous media flow},
  author={Berg, Steffen and Ott, Holger and Klapp, Stephan A and Schwing, Alex and Neiteler, Rob and Brussee, Niels and Makurat, Axel and Leu, Leon and Enzmann, Frieder and Schwarz, Jens-Oliver and others},
  journal={Proceedings of the National Academy of Sciences},
  volume={110},
  number={10},
  pages={3755--3759},
  year={2013},
  publisher={National Acad Sciences}
}

@article{folk1959practical,
  title={Practical petrographic classification of limestones},
  author={Folk, Robert L},
  journal={AAPG Bulletin},
  volume={43},
  number={1},
  pages={1--38},
  year={1959},
  publisher={American Association of Petroleum Geologists (AAPG)}
}
@article{dunham1962classification,
  title={Classification of carbonate rocks according to depositional textures},
  author={Dunham, Robert J},
  year={1962},
  publisher={AAPG Special Volumes}
}
@article{choquette1970geologic,
  title={Geologic nomenclature and classification of porosity in sedimentary carbonates},
  author={Choquette, Philip W and Pray, Lloyd C},
  journal={AAPG bulletin},
  volume={54},
  number={2},
  pages={207--250},
  year={1970},
  publisher={American Association of Petroleum Geologists (AAPG)}
}

@article{akbar1995classic,
  title={Classic interpretation problems: evaluating carbonates},
  author={Akbar, Mahmood and Petricola, Mario and Watfa, Mohamed and Badri, Mohammed and Charara, Mouhab and Boyd, Austin and Cassell, Bruce and Nurmi, Roy and Delhomme, Jean-Pierre and Grace, Mike and others},
  journal={Oilfield Review},
  volume={7},
  number={1},
  pages={38--57},
  year={1995}
}
@article{archie1952classification,
  title={Classification of carbonate reservoir rocks and petrophysical considerations},
  author={Archie, Gustave Erdman},
  journal={Aapg Bulletin},
  volume={36},
  number={2},
  pages={278--298},
  year={1952},
  publisher={American Association of Petroleum Geologists (AAPG)}
}
@article{lucia1995rock,
  title={Rock-fabric/petrophysical classification of carbonate pore space for reservoir characterization},
  author={Lucia, F Jerry},
  journal={AAPG bulletin},
  volume={79},
  number={9},
  pages={1275--1300},
  year={1995},
  publisher={American Association of Petroleum Geologists (AAPG)}
}
@article{lucia1983petrophysical,
  title={Petrophysical parameters estimated from visual descriptions of carbonate rocks: a field classification of carbonate pore space},
  author={Lucia, FJ and others},
  journal={Journal of petroleum technology},
  volume={35},
  number={03},
  pages={629--637},
  year={1983},
  publisher={Society of Petroleum Engineers}
}
@article{lonoy2006making,
  title={Making sense of carbonate pore systems},
  author={L{\o}n{\o}y, Arve},
  journal={AAPG bulletin},
  volume={90},
  number={9},
  pages={1381--1405},
  year={2006},
  publisher={American Association of Petroleum Geologists (AAPG)}
}
@article{darcy1856public,
  title={The public fountains of the city of Dijon},
  author={Darcy, Henry},
  journal={Dalmont, Paris},
  volume={647},
  year={1856}
}
@article{nutting1930physical,
  title={Physical analysis of oil sands},
  author={Nutting, Perley Gilman},
  journal={AAPG Bulletin},
  volume={14},
  number={10},
  pages={1337--1349},
  year={1930},
  publisher={American Association of Petroleum Geologists (AAPG)}
}
@article{wyckoff1933measurement,
  title={The measurement of the permeability of porous media for homogeneous fluids},
  author={Wyckoff, RD and Botset, HG and Muskat, M and Reed, DW},
  journal={Review of Scientific Instruments},
  volume={4},
  number={7},
  pages={394--405},
  year={1933},
  publisher={American Institute of Physics}
}

@article{gauglitz1990dynamics,
  title={The dynamics of liquid film breakup in constricted cylindrical capillaries},
  author={Gauglitz, PA and Radke, CJ},
  journal={Journal of Colloid and Interface Science},
  volume={134},
  number={1},
  pages={14--40},
  year={1990},
  publisher={Elsevier}
}