@article{ningning2014distribution,
  title={Distribution patterns and controlling factors of giant carbonate rock oil and gas fields worldwide},
  author={Ningning, Zhang and Dengfa, He and Yanpeng, Sun and Haowu, Li},
  journal={China Petroleum Exploration},
  volume={19},
  number={6},
  pages={54--65},
  year={2014}
}
@article{garland2012advances,
  title={Advances in carbonate exploration and reservoir analysis},
  author={Garland, Joanna and Neilson, Joyce and Laubach, Stephen Ernest and Whidden, Katherine J},
  journal={Geological Society, London, Special Publications},
  volume={370},
  number={1},
  pages={1--15},
  year={2012},
  publisher={Geological Society of London}
}
@article{van2013modelling,
  title={Modelling the permeability evolution of carbonate rocks},
  author={Van der Land, Cees and Wood, Rachel and Wu, Kejian and van Dijke, Marinus IJ and Jiang, Zeyun and Corbett, Patrick WM and Couples, Gary},
  journal={Marine and Petroleum Geology},
  volume={48},
  pages={1--7},
  year={2013},
  publisher={Elsevier}
}
@article{wildenschild2013x,
  title={X-ray imaging and analysis techniques for quantifying pore-scale structure and processes in subsurface porous medium systems},
  author={Wildenschild, Dorthe and Sheppard, Adrian P},
  journal={Advances in Water Resources},
  volume={51},
  pages={217--246},
  year={2013},
  publisher={Elsevier}
}
@article{stehli1961mineralogy,
  title={Mineralogy and early diagenesis of carbonate sediments},
  author={Stehli, Francis Greenough and Hower, John},
  journal={Journal of Sedimentary Research},
  volume={31},
  number={3},
  pages={358--371},
  year={1961},
  publisher={SEPM Society for Sedimentary Geology}
}
@article{murray1960origin,
  title={Origin of porosity in carbonate rocks},
  author={Murray, Raymond Carl},
  journal={Journal of Sedimentary Research},
  volume={30},
  number={1},
  pages={59--84},
  year={1960},
  publisher={SEPM Society for Sedimentary Geology}
}
@book{blunt2017multiphase,
  title={Multiphase flow in permeable media: A pore-scale perspective},
  author={Blunt, Martin J},
  year={2017},
  publisher={Cambridge University Press}
}
@article{batchelor1967introduction,
  title={An introduction to fluid dynamics. 1967},
  author={Batchelor, GK},
  journal={Cambridge,: UP xviii},
  volume={615},
  year={1967}
}
@article{westlake1974biodegradability,
  title={Biodegradability and crude oil composition},
  author={Westlake, DWS and Jobson, A and Phillippe, R and Cook, FD},
  journal={Canadian Journal of Microbiology},
  volume={20},
  number={7},
  pages={915--928},
  year={1974},
  publisher={NRC Research Press}
}
@article{lee1974water,
  title={Water-soluble hydrocarbons from crude oil},
  author={Lee, CC and Craig, WK and Smith, PJ},
  journal={Bulletin of environmental contamination and toxicology},
  volume={12},
  number={2},
  pages={212--217},
  year={1974},
  publisher={Springer}
}
@book{craig1971reservoir,
  title={The reservoir engineering aspects of waterflooding},
  author={Craig, Forrest F},
  volume={3},
  year={1971},
  publisher={HL Doherty Memorial Fund of AIME New York}
}
@article{mcdougall1995impact,
  title={The impact of wettability on waterflooding: pore-scale simulation},
  author={McDougall, Steven Robert and Sorbie, Kenneth Stuart and others},
  journal={SPE Reservoir Engineering},
  volume={10},
  number={03},
  pages={208--213},
  year={1995},
  publisher={Society of Petroleum Engineers}
}
@inproceedings{benner1941effect,
  title={The effect of polar impurities upon capillary and surface phenomena in petroleum production},
  author={Benner, FC and Bartel, FE and others},
  booktitle={Drilling and production practice},
  year={1941},
  organization={American Petroleum Institute}
}
@article{crocker1988wettability,
  title={Wettability and adsorption characteristics of crude-oil asphaltene and polar fractions},
  author={Crocker, ME and Marchin, LM and others},
  journal={Journal of petroleum technology},
  volume={40},
  number={04},
  pages={470--474},
  year={1988},
  publisher={Society of Petroleum Engineers}
}
@article{al2005wettability,
  title={Wettability alteration during aging: The application of NMR to monitor fluid redistribution},
  author={Al-Mahrooqi, SH and Grattoni, CA and Muggeridge, AH and Jing, XD},
  journal={Society of Core Analyst},
  pages={21--25},
  year={2005}
}
@article{kowalewski2003wettability,
  title={Wettability alterations due to aging in crude oil; wettability and Cryo-ESEM analyses},
  author={Kowalewski, E and Boassen, T and Torsaeter, O},
  journal={Journal of Petroleum Science and Engineering},
  volume={39},
  number={3-4},
  pages={377--388},
  year={2003},
  publisher={Elsevier}
}
@article{anderson1986wettability,
  title={Wettability literature survey-part 2: Wettability measurement},
  author={Anderson, William and others},
  journal={Journal of petroleum technology},
  volume={38},
  number={11},
  pages={1--246},
  year={1986},
  publisher={Society of Petroleum Engineers}
}
}
@article{abdallah1986fundamentals,
  title={Fundamentals of wettability},
  author={Abdallah, Wael and Buckley, Jill S and Carnegie, Andrew and Edwards, John and Herold, Bernd and Fordham, Edmund and Graue, Arne and Habashy, Tarek and Seleznev, Nikita and Signer, Claude and others},
  journal={Technology},
  volume={38},
  number={1125-1144},
  pages={268},
  year={1986}
}
@article{kovscek1993pore,
  title={A pore-level scenario for the development of mixed wettability in oil reservoirs},
  author={Kovscek, AR and Wong, H and Radke, CJ},
  journal={AIChE Journal},
  volume={39},
  number={6},
  pages={1072--1085},
  year={1993},
  publisher={Wiley Online Library}
}
@article{hui2000effects,
  title={Effects of wettability on three-phase flow in porous media},
  author={Hui, Mun-Hong and Blunt, Martin J},
  journal={The Journal of Physical Chemistry B},
  volume={104},
  number={16},
  pages={3833--3845},
  year={2000},
  publisher={ACS Publications}
}
@inproceedings{cuiec1984rock,
  title={Rock/crude-oil interactions and wettability: An attempt to understand their interrelation},
  author={Cuiec, L and others},
  booktitle={SPE Annual Technical Conference and Exhibition},
  year={1984},
  organization={Society of Petroleum Engineers}
}
@article{hirasaki1991wettability,
  title={Wettability: fundamentals and surface forces},
  author={Hirasaki, GJ and others},
  journal={SPE Formation Evaluation},
  volume={6},
  number={02},
  pages={217--226},
  year={1991},
  publisher={Society of Petroleum Engineers}
}
@phdthesis{buckley1996mechanisms,
  title={Mechanisms and consequences of wettability alteration by crude oils},
  author={Buckley, Jill S and others},
  year={1996},
  school={Heriot-Watt University}
}
@phdthesis{kerimov2014middle,
  title={Middle Bakken wettability evaluation using NMR T2 forward modeling and mineralogy},
  author={Kerimov, Abdulla},
  year={2014},
  school={Colorado School of Mines. Arthur Lakes Library}
}
@article{young1805iii,
  title={III. An essay on the cohesion of fluids},
  author={Young, Thomas},
  journal={Philosophical transactions of the royal society of London},
  number={95},
  pages={65--87},
  year={1805},
  publisher={The Royal Society London}
}
@article{leverett1941capillary,
  title={Capillary behavior in porous solids},
  author={Leverett, MoC and others},
  journal={Transactions of the AIME},
  volume={142},
  number={01},
  pages={152--169},
  year={1941},
  publisher={Society of Petroleum Engineers}
}
@article{helland2006physically,
  title={Physically based capillary pressure correlation for mixed-wet reservoirs from a bundle-of-tubes model},
  author={Helland, Johan Olav and Skjaeveland, Svein M and others},
  journal={SPE Journal},
  volume={11},
  number={02},
  pages={171--180},
  year={2006},
  publisher={Society of Petroleum Engineers}
}
@article{haines1930studies,
  title={Studies in the physical properties of soil. V. The hysteresis effect in capillary properties, and the modes of moisture distribution associated therewith},
  author={Haines, William B},
  journal={The Journal of Agricultural Science},
  volume={20},
  number={1},
  pages={97--116},
  year={1930},
  publisher={Cambridge University Press}
}
@article{datta2014mobilization,
  title={Mobilization of a trapped non-wetting fluid from a three-dimensional porous medium},
  author={Datta, Sujit S and Ramakrishnan, TS and Weitz, David A},
  journal={Physics of Fluids},
  volume={26},
  number={2},
  pages={022002},
  year={2014},
  publisher={AIP}
}
@article{andrew2015imaging,
  title={The imaging of dynamic multiphase fluid flow using synchrotron-based X-ray microtomography at reservoir conditions},
  author={Andrew, Matthew and Menke, Hannah and Blunt, Martin J and Bijeljic, Branko},
  journal={Transport in Porous Media},
  volume={110},
  number={1},
  pages={1--24},
  year={2015},
  publisher={Springer}
}
@article{ma1996effect,
  title={Effect of contact angle on drainage and imbibition in regular polygonal tubes},
  author={Ma, Shouxiang and Mason, Geoffrey and Morrow, Norman R},
  journal={Colloids and Surfaces A: Physicochemical and Engineering Aspects},
  volume={117},
  number={3},
  pages={273--291},
  year={1996},
  publisher={Elsevier}
}
@article{oren1998extending,
  title={Extending predictive capabilities to network models},
  author={Oren, P-E and Bakke, Stig and Arntzen, Ole Jakob and others},
  journal={SPE journal},
  volume={3},
  number={04},
  pages={324--336},
  year={1998},
  publisher={Society of Petroleum Engineers}
}
@article{roof1970snap,
  title={Snap-off of oil droplets in water-wet pores},
  author={Roof, JG and others},
  journal={Society of Petroleum Engineers Journal},
  volume={10},
  number={01},
  pages={85--90},
  year={1970},
  publisher={Society of Petroleum Engineers}
}
@article{lenormand1983mechanisms,
  title={Mechanisms of the displacement of one fluid by another in a network of capillary ducts},
  author={Lenormand, Roland and Zarcone, Cesar and Sarr, A},
  journal={Journal of Fluid Mechanics},
  volume={135},
  pages={337--353},
  year={1983},
  publisher={Cambridge University Press}
}
@inproceedings{lenormand1984role,
  title={Role of roughness and edges during imbibition in square capillaries},
  author={Lenormand, Roland and Zarcone, Cesar and others},
  booktitle={SPE annual technical conference and exhibition},
  year={1984},
  organization={Society of Petroleum Engineers}
}

@article{blunt1998physically,
  title={Physically-based network modeling of multiphase flow in intermediate-wet porous media},
  author={Blunt, Martin J},
  journal={Journal of Petroleum Science and Engineering},
  volume={20},
  number={3-4},
  pages={117--125},
  year={1998},
  publisher={Elsevier}
}
@article{blunt1992simulation,
  title={Simulation and theory of two-phase flow in porous media},
  author={Blunt, Martin and King, Michael J and Scher, Harvey},
  journal={Physical Review A},
  volume={46},
  number={12},
  pages={7680},
  year={1992},
  publisher={APS}
}
@article{pickell1966application,
  title={Application of air-mercury and oil-air capillary pressure data in the study of pore structure and fluid distribution},
  author={Pickell, JJ and Swanson, BF and Hickman, WB and others},
  journal={Society of Petroleum Engineers Journal},
  volume={6},
  number={01},
  pages={55--61},
  year={1966},
  publisher={Society of Petroleum Engineers}
}
@book{honarpour2018relative,
  title={Relative Permeability Of Petroleum Reservoirs: 0},
  author={Honarpour, Mehdi Matt},
  year={2018},
  publisher={CRC press}
}
@article{peters2012overview,
  title={An overview of basin and petroleum system modeling: Definitions and concepts},
  author={Peters, Kenneth E and Curry, David J and Kacewicz, Marek},
  year={2012},
  publisher={AAPG Special Volumes}
}
@article{kantzas2012fundamentals,
  title={Fundamentals of fluid flow in porous media},
  author={Kantzas, Apostolos and Bryan, Jonathan and Taheri, Saeed},
  journal={Pore size distribution},
  year={2012}
}
@article{gao2006contact,
  title={Contact angle hysteresis explained},
  author={Gao, Lichao and McCarthy, Thomas J},
  journal={Langmuir},
  volume={22},
  number={14},
  pages={6234--6237},
  year={2006},
  publisher={ACS Publications}
}
@inproceedings{spiteri2005relative,
  title={Relative-permeability hysteresis: trapping models and application to geological CO2 sequestration},
  author={Spiteri, Elizabeth and Juanes, Ruben and Blunt, Martin Julian and Orr, Franklin M and others},
  booktitle={SPE Annual Technical Conference and Exhibition},
  year={2005},
  organization={Society of Petroleum Engineers}
}
@article{hounsfield1973computerized,
  title={Computerized transverse axial scanning (tomography): Part 1. Description of system},
  author={Hounsfield, Godfrey N},
  journal={The British journal of radiology},
  volume={46},
  number={552},
  pages={1016--1022},
  year={1973},
  publisher={The British Institute of Radiology}
}
@article{wellington1987x,
  title={X-ray computerized tomography},
  author={Wellington, Scott L and Vinegar, Harold J and others},
  journal={Journal of Petroleum Technology},
  volume={39},
  number={08},
  pages={885--898},
  year={1987},
  publisher={Society of Petroleum Engineers}
}
@article {radon20051,
  title = {1.1 {\ "u} about the determination of functions by their integral values ​​due to certain manifolds},
  author = {Radon, Johann},
  journal = {Classic papers in modern diagnostic radiology},
  volume = {5},
  pages = {21},
  year = {2005},
  publisher = {Springer Berlin - Heidelberg - New York}
}
@article{herman1976convolution,
  title={Convolution reconstruction techniques for divergent beams},
  author={Herman, GT and Lakshminarayanan, AV and Naparstek, A},
  journal={Computers in biology and medicine},
  volume={6},
  number={4},
  pages={259--271},
  year={1976},
  publisher={Elsevier}
}
@article{natterer2001mathematics,
  title={The mathematics of computerized tomography (classics in applied mathematics, vol. 32)},
  author={Natterer, Frank},
  journal={Inverse Problems},
  volume={18},
  pages={283--284},
  year={2001}
}
@article{myers2011dynamic,
  title={Dynamic tomography with a priori information},
  author={Myers, Glenn R and Kingston, Andrew M and Varslot, Trond K and Turner, Michael L and Sheppard, Adrian P},
  journal={Applied optics},
  volume={50},
  number={20},
  pages={3685--3690},
  year={2011},
  publisher={Optical Society of America}
}
@article{barrett2004artifacts,
  title={Artifacts in CT: recognition and avoidance},
  author={Barrett, Julia F and Keat, Nicholas},
  journal={Radiographics},
  volume={24},
  number={6},
  pages={1679--1691},
  year={2004},
  publisher={Radiological Society of North America}
}
@article{diwakar2018review,
  title={A review on CT image noise and its denoising},
  author={Diwakar, Manoj and Kumar, Manoj},
  journal={Biomedical Signal Processing and Control},
  volume={42},
  pages={73--88},
  year={2018},
  publisher={Elsevier}
}
@article{huang1979fast,
  title={A fast two-dimensional median filtering algorithm},
  author={Huang, T and Yang, GJTGY and Tang, Greory},
  journal={IEEE Transactions on Acoustics, Speech, and Signal Processing},
  volume={27},
  number={1},
  pages={13--18},
  year={1979},
  publisher={IEEE}
}
@inproceedings{tomasi1998bilateral,
  title={Bilateral filtering for gray and color images},
  author={Tomasi, Carlo and Manduchi, Roberto},
  booktitle={Sixth international conference on computer vision (IEEE Cat. No. 98CH36271)},
  pages={839--846},
  year={1998},
  organization={IEEE}
}
@article{buades2011non,
  title={Non-local means denoising},
  author={Buades, Antoni and Coll, Bartomeu and Morel, Jean-Michel},
  journal={Image Processing On Line},
  volume={1},
  pages={208--212},
  year={2011}
}
@inproceedings{yan2011new,
  title={New algorithms for sparse representation of discrete signals based on ℓ p-ℓ 2 optimization},
  author={Yan, Jie and Lu, Wu-Sheng},
  booktitle={Proceedings of 2011 IEEE Pacific Rim Conference on Communications, Computers and Signal Processing},
  pages={73--78},
  year={2011},
  organization={IEEE}
}
@inproceedings{yan2011power,
  title={Power-iterative strategy for ℓ p- ℓ 2 optimization for compressive sensing: Towards global solution},
  author={Yan, Jie and Lu, Wu-Sheng},
  booktitle={2011 Conference Record of the Forty Fifth Asilomar Conference on Signals, Systems and Computers (ASILOMAR)},
  pages={1153--1157},
  year={2011},
  organization={IEEE}
}
@inproceedings{yan2012smoothed,
  title={Smoothed ℓ p-ℓ 2 solvers for signal denoising},
  author={Yan, Jie and Lu, Wu-Sheng},
  booktitle={2012 IEEE International Conference on Acoustics, Speech and Signal Processing (ICASSP)},
  pages={3801--3804},
  year={2012},
  organization={IEEE}
}
@article{tikhonov1978methods,
  title={Methods for solving ill-posed extremal problems},
  author={Tikhonov, AN and Vasil’ev, FP},
  journal={Banach Center Publication},
  volume={3},
  pages={297--342},
  year={1978}
}
@article{catte1992image,
  title={Image selective smoothing and edge detection by nonlinear diffusion},
  author={Catt{\'e}, Francine and Lions, Pierre-Louis and Morel, Jean-Michel and Coll, Tomeu},
  journal={SIAM Journal on Numerical analysis},
  volume={29},
  number={1},
  pages={182--193},
  year={1992},
  publisher={SIAM}
}
@article{perona1990scale,
  title={Scale-space and edge detection using anisotropic diffusion},
  author={Perona, Pietro and Malik, Jitendra},
  journal={IEEE Transactions on pattern analysis and machine intelligence},
  volume={12},
  number={7},
  pages={629--639},
  year={1990},
  publisher={IEEE}
}
@article{chambolle2004algorithm,
  title={An algorithm for total variation minimization and applications},
  author={Chambolle, Antonin},
  journal={Journal of Mathematical imaging and vision},
  volume={20},
  number={1-2},
  pages={89--97},
  year={2004},
  publisher={Springer}
}
@article{rudin1992nonlinear,
  title={Nonlinear total variation based noise removal algorithms},
  author={Rudin, Leonid I and Osher, Stanley and Fatemi, Emad},
  journal={Physica D: nonlinear phenomena},
  volume={60},
  number={1-4},
  pages={259--268},
  year={1992},
  publisher={North-Holland}
}
@article{mallat1989theory,
  title={A theory for multiresolution signal decomposition: the wavelet representation},
  author={Mallat, Stephane G},
  journal={IEEE transactions on pattern analysis and machine intelligence},
  volume={11},
  number={7},
  pages={674--693},
  year={1989},
  publisher={Ieee}
}
@article{kang2017deep,
  title={A deep convolutional neural network using directional wavelets for low-dose X-ray CT reconstruction},
  author={Kang, Eunhee and Min, Junhong and Ye, Jong Chul},
  journal={Medical physics},
  volume={44},
  number={10},
  pages={e360--e375},
  year={2017},
  publisher={Wiley Online Library}
}
@article{chen2017low,
  title={Low-dose CT with a residual encoder-decoder convolutional neural network},
  author={Chen, Hu and Zhang, Yi and Kalra, Mannudeep K and Lin, Feng and Chen, Yang and Liao, Peixi and Zhou, Jiliu and Wang, Ge},
  journal={IEEE transactions on medical imaging},
  volume={36},
  number={12},
  pages={2524--2535},
  year={2017},
  publisher={IEEE}
}
@article{chen2017low2,
  title={Low-dose CT via convolutional neural network},
  author={Chen, Hu and Zhang, Yi and Zhang, Weihua and Liao, Peixi and Li, Ke and Zhou, Jiliu and Wang, Ge},
  journal={Biomedical optics express},
  volume={8},
  number={2},
  pages={679--694},
  year={2017},
  publisher={Optical Society of America}
}
@inproceedings{gondara2016medical,
  title={Medical image denoising using convolutional denoising autoencoders},
  author={Gondara, Lovedeep},
  booktitle={2016 IEEE 16th International Conference on Data Mining Workshops (ICDMW)},
  pages={241--246},
  year={2016},
  organization={IEEE}
}
@article{otsu1979threshold,
  title={A threshold selection method from gray-level histograms},
  author={Otsu, Nobuyuki},
  journal={IEEE transactions on systems, man, and cybernetics},
  volume={9},
  number={1},
  pages={62--66},
  year={1979},
  publisher={IEEE}
}
@article{ridler1978picture,
  title={Picture thresholding using an iterative selection method},
  author={Ridler, TW and Calvard, S and others},
  journal={IEEE trans syst Man Cybern},
  volume={8},
  number={8},
  pages={630--632},
  year={1978}
}
@article{sauvola2000adaptive,
  title={Adaptive document image binarization},
  author={Sauvola, Jaakko and Pietik{\"a}inen, Matti},
  journal={Pattern recognition},
  volume={33},
  number={2},
  pages={225--236},
  year={2000},
  publisher={Elsevier}
}
@misc{niblack1986introduction,
  title={An introduction to image analysis},
  author={Niblack, Wayne},
  year={1986},
  publisher={Prentice-Hall International Ltd, London}
}
@article{serra1986introduction,
  title={Introduction to mathematical morphology},
  author={Serra, Jean},
  journal={Computer vision, graphics, and image processing},
  volume={35},
  number={3},
  pages={283--305},
  year={1986},
  publisher={Elsevier}
}
@article{grady2006random,
  title={Random walks for image segmentation},
  author={Grady, Leo},
  journal={IEEE transactions on pattern analysis and machine intelligence},
  volume={28},
  number={11},
  pages={1768--1783},
  year={2006},
  publisher={IEEE}
}
@article{armstrong2012linking,
  title={Linking pore-scale interfacial curvature to column-scale capillary pressure},
  author={Armstrong, Ryan T and Porter, Mark L and Wildenschild, Dorthe},
  journal={Advances in Water Resources},
  volume={46},
  pages={55--62},
  year={2012},
  publisher={Elsevier}
}
@article{alratrout2018wettability,
  title={Wettability in complex porous materials, the mixed-wet state, and its relationship to surface roughness},
  author={AlRatrout, Ahmed and Blunt, Martin J and Bijeljic, Branko},
  journal={Proceedings of the National Academy of Sciences},
  volume={115},
  number={36},
  pages={8901--8906},
  year={2018},
  publisher={National Acad Sciences}
}
@article{klise2016automated,
  title={Automated contact angle estimation for three-dimensional X-ray microtomography data},
  author={Klise, Katherine A and Moriarty, Dylan and Yoon, Hongkyu and Karpyn, Zuleima},
  journal={Advances in water resources},
  volume={95},
  pages={152--160},
  year={2016},
  publisher={Elsevier}
}
@article{reynolds2017dynamic,
  title={Dynamic fluid connectivity during steady-state multiphase flow in a sandstone},
  author={Reynolds, Catriona A and Menke, Hannah and Andrew, Matthew and Blunt, Martin J and Krevor, Samuel},
  journal={Proceedings of the National Academy of Sciences},
  volume={114},
  number={31},
  pages={8187--8192},
  year={2017},
  publisher={National Acad Sciences}
}
@article{khanamiri2018fluid,
  title={Fluid topology in pore scale two-phase flow imaged by synchrotron X-ray microtomography},
  author={Khanamiri, Hamid Hosseinzade and Tors{\ae}ter, Ole},
  journal={Water Resources Research},
  volume={54},
  number={3},
  pages={1905--1917},
  year={2018},
  publisher={Wiley Online Library}
}
@phdthesis{Pak2014thesis,
    title    = {Saturation Tracking and Identification of Residual Oil Saturation },
    school   = {The University of Edinburgh},
    author   = {Pak,Tannaz},
    year     = {2014} 
}
@article{berg2013real,
  title={Real-time 3D imaging of Haines jumps in porous media flow},
  author={Berg, Steffen and Ott, Holger and Klapp, Stephan A and Schwing, Alex and Neiteler, Rob and Brussee, Niels and Makurat, Axel and Leu, Leon and Enzmann, Frieder and Schwarz, Jens-Oliver and others},
  journal={Proceedings of the National Academy of Sciences},
  volume={110},
  number={10},
  pages={3755--3759},
  year={2013},
  publisher={National Acad Sciences}
}

@article{folk1959practical,
  title={Practical petrographic classification of limestones},
  author={Folk, Robert L},
  journal={AAPG Bulletin},
  volume={43},
  number={1},
  pages={1--38},
  year={1959},
  publisher={American Association of Petroleum Geologists (AAPG)}
}
@article{dunham1962classification,
  title={Classification of carbonate rocks according to depositional textures},
  author={Dunham, Robert J},
  year={1962},
  publisher={AAPG Special Volumes}
}
@article{choquette1970geologic,
  title={Geologic nomenclature and classification of porosity in sedimentary carbonates},
  author={Choquette, Philip W and Pray, Lloyd C},
  journal={AAPG bulletin},
  volume={54},
  number={2},
  pages={207--250},
  year={1970},
  publisher={American Association of Petroleum Geologists (AAPG)}
}

@article{akbar1995classic,
  title={Classic interpretation problems: evaluating carbonates},
  author={Akbar, Mahmood and Petricola, Mario and Watfa, Mohamed and Badri, Mohammed and Charara, Mouhab and Boyd, Austin and Cassell, Bruce and Nurmi, Roy and Delhomme, Jean-Pierre and Grace, Mike and others},
  journal={Oilfield Review},
  volume={7},
  number={1},
  pages={38--57},
  year={1995}
}
@article{archie1952classification,
  title={Classification of carbonate reservoir rocks and petrophysical considerations},
  author={Archie, Gustave Erdman},
  journal={Aapg Bulletin},
  volume={36},
  number={2},
  pages={278--298},
  year={1952},
  publisher={American Association of Petroleum Geologists (AAPG)}
}
@article{lucia1995rock,
  title={Rock-fabric/petrophysical classification of carbonate pore space for reservoir characterization},
  author={Lucia, F Jerry},
  journal={AAPG bulletin},
  volume={79},
  number={9},
  pages={1275--1300},
  year={1995},
  publisher={American Association of Petroleum Geologists (AAPG)}
}
@article{lucia1983petrophysical,
  title={Petrophysical parameters estimated from visual descriptions of carbonate rocks: a field classification of carbonate pore space},
  author={Lucia, FJ and others},
  journal={Journal of petroleum technology},
  volume={35},
  number={03},
  pages={629--637},
  year={1983},
  publisher={Society of Petroleum Engineers}
}
@article{lonoy2006making,
  title={Making sense of carbonate pore systems},
  author={L{\o}n{\o}y, Arve},
  journal={AAPG bulletin},
  volume={90},
  number={9},
  pages={1381--1405},
  year={2006},
  publisher={American Association of Petroleum Geologists (AAPG)}
}
@article{darcy1856public,
  title={The public fountains of the city of Dijon},
  author={Darcy, Henry},
  journal={Dalmont, Paris},
  volume={647},
  year={1856}
}
@article{nutting1930physical,
  title={Physical analysis of oil sands},
  author={Nutting, Perley Gilman},
  journal={AAPG Bulletin},
  volume={14},
  number={10},
  pages={1337--1349},
  year={1930},
  publisher={American Association of Petroleum Geologists (AAPG)}
}
@article{wyckoff1933measurement,
  title={The measurement of the permeability of porous media for homogeneous fluids},
  author={Wyckoff, RD and Botset, HG and Muskat, M and Reed, DW},
  journal={Review of Scientific Instruments},
  volume={4},
  number={7},
  pages={394--405},
  year={1933},
  publisher={American Institute of Physics}
}

@article{gauglitz1990dynamics,
  title={The dynamics of liquid film breakup in constricted cylindrical capillaries},
  author={Gauglitz, PA and Radke, CJ},
  journal={Journal of Colloid and Interface Science},
  volume={134},
  number={1},
  pages={14--40},
  year={1990},
  publisher={Elsevier}
}
@article{iglauer2011residual,
  title={Residual CO2 imaged with X-ray micro-tomography},
  author={Iglauer, Stefan and Paluszny, Adriana and Pentland, Christopher H and Blunt, Martin J},
  journal={Geophysical Research Letters},
  volume={38},
  number={21},
  year={2011},
  publisher={Wiley Online Library}
}

@article{shaw2006iupac,
  title={IUPAC-NIST Solubility Data Series. 81. Hydrocarbons with Water and Seawater—Revised and Updated. Part 10. C 11 and C 12 Hydrocarbons with Water},
  author={Shaw, David G and Maczynski, Andrzej and Goral, Marian and Wisniewska-Goclowska, Barbara and Skrzecz, Adam and Owczarek, Iwona and Blazej, Krystyna and Haulait-Pirson, Marie-Claire and Hefter, Glenn T and Kapuku, F and others},
  journal={Journal of physical and chemical reference data},
  volume={35},
  number={1},
  pages={153--203},
  year={2006},
  publisher={NIST}
}

@article{zeppieri2001interfacial,
  title={Interfacial tension of alkane+ water systems},
  author={Zeppieri, Susana and Rodr{\'\i}guez, Jhosgre and L{\'o}pez de Ramos, AL},
  journal={Journal of Chemical \& Engineering Data},
  volume={46},
  number={5},
  pages={1086--1088},
  year={2001},
  publisher={ACS Publications}
}

@article{liu2011measurement,
  title={Measurement of density and viscosity of dodecane and decane with a piezoelectric tuning fork over 298--448 K and 0.1--137.9 MPa},
  author={Liu, Yi and DiFoggio, Rocco and Sanderlin, Kerry and Perez, Louis and Zhao, Jinsong},
  journal={Sensors and Actuators A: Physical},
  volume={167},
  number={2},
  pages={347--353},
  year={2011},
  publisher={Elsevier}
}

@article{fusseis2014low,
  title={A low-cost X-ray-transparent experimental cell for synchrotron-based X-ray microtomography studies under geological reservoir conditions},
  author={Fusseis, Florian and Steeb, Holger and Xiao, Xianghui and Zhu, Wen-lu and Butler, Ian B and Elphick, Stephen and M{\"a}der, Urs},
  journal={Journal of synchrotron radiation},
  volume={21},
  number={1},
  pages={251--253},
  year={2014},
  publisher={International Union of Crystallography}
}

@article{culligan2006pore,
  title={Pore-scale characteristics of multiphase flow in porous media: a comparison of air--water and oil--water experiments},
  author={Culligan, KA and Wildenschild, Dorthe and Christensen, Britt Stenh{\o}j Baun and Gray, WG and Rivers, ML},
  journal={Advances in Water Resources},
  volume={29},
  number={2},
  pages={227--238},
  year={2006},
  publisher={Elsevier}
}

@article{porter2010measurement,
  title={Measurement and prediction of the relationship between capillary pressure, saturation, and interfacial area in a NAPL-water-glass bead system},
  author={Porter, Mark L and Wildenschild, Dorthe and Grant, Gavin and Gerhard, Jason I},
  journal={Water Resources Research},
  volume={46},
  number={8},
  year={2010},
  publisher={Wiley Online Library}
}
@article{buckley1998mechanisms,
  title={Mechanisms of wetting alteration by crude oils},
  author={Buckley, JS and Liu, Y and Monsterleet, S and others},
  journal={SPE journal},
  volume={3},
  number={01},
  pages={54--61},
  year={1998},
  publisher={Society of Petroleum Engineers}
}
@article{vlassenbroeck2006octopus,
  title={Octopus 8: A High Performance Tomographic Reconstruction Package for X-ray Tube and Synchrotron micro-CT},
  author={Vlassenbroeck, Jelle and Masschaele, Bert and Cnudde, Veerle and Dierick, Manuel and Pieters, Koen and Van Hoorebeke, Luc and Jacobs, Patric},
  journal={Advances in X-ray Tomography for Geomaterials},
  pages={167--173},
  year={2006},
  publisher={Wiley Online Library}
}
@article{gursoy2014tomopy,
  title={TomoPy: a framework for the analysis of synchrotron tomographic data},
  author={G{\"u}rsoy, Doga and De Carlo, Francesco and Xiao, Xianghui and Jacobsen, Chris},
  journal={Journal of synchrotron radiation},
  volume={21},
  number={5},
  pages={1188--1193},
  year={2014},
  publisher={International Union of Crystallography}
}
@article{opencv_library,
    author = {Bradski, G.},
    citeulike-article-id = {2236121},
    journal = {Dr. Dobb's Journal of Software Tools},
    keywords = {bibtex-import},
    posted-at = {2008-01-15 19:21:54},
    priority = {4},
    title = {{The OpenCV Library}},
    year = {2000}
}

@article{scikit-image,
 title = {scikit-image: image processing in {P}ython},
 author = {van der Walt, {S}t\'efan and {S}ch\"onberger, {J}ohannes {L}. and
           {Nunez-Iglesias}, {J}uan and {B}oulogne, {F}ran\c{c}ois and {W}arner,
           {J}oshua {D}. and {Y}ager, {N}eil and {G}ouillart, {E}mmanuelle and
           {Y}u, {T}ony and the scikit-image contributors},
 year = {2014},
 month = {6},
 keywords = {Image processing, Reproducible research, Education,
             Visualization, Open source, Python, Scientific programming},
 volume = {2},
 pages = {e453},
 journal = {PeerJ},
 issn = {2167-8359},
 url = {https://doi.org/10.7717/peerj.453},
 doi = {10.7717/peerj.453}
}

@article{hanson1981radiology,
  title={Radiology of the Skull and Brain, Vol. 5: Technical Aspects of Computed Tomography},
  author={Hanson, KM},
  journal={St. Louis: The CV Mosby Company},
  pages={3941--54},
  year={1981}
}


@article{kak2002principles,
  title={Principles of computerized tomographic imaging},
  author={Kak, Avinash C and Slaney, Malcolm and Wang, Ge},
  journal={Medical Physics},
  volume={29},
  number={1},
  pages={107--107},
  year={2002},
  publisher={Wiley Online Library}
}
@article{marone2012regridding,
  title={Regridding reconstruction algorithm for real-time tomographic imaging},
  author={Marone, F and Stampanoni, M},
  journal={Journal of synchrotron radiation},
  volume={19},
  number={6},
  pages={1029--1037},
  year={2012},
  publisher={International Union of Crystallography}
}

@inproceedings{dowd1999developments,
  title={Developments in synchrotron x-ray computed microtomography at the National Synchrotron Light Source},
  author={Dowd, Betsy A and Campbell, Graham H and Marr, Robert B and Nagarkar, Vivek V and Tipnis, Sameer V and Axe, Lisa and Siddons, D Peter},
  booktitle={Developments in X-ray Tomography II},
  volume={3772},
  pages={224--236},
  year={1999},
  organization={International Society for Optics and Photonics}
}

@inproceedings{grady2005multilabel,
  title={Multilabel random walker image segmentation using prior models},
  author={Grady, Leo},
  booktitle={CVPR (1)},
  pages={763--770},
  year={2005},
  organization={Citeseer}
}

@book{serra1983image,
  title={Image analysis and mathematical morphology},
  author={Serra, Jean},
  year={1983},
  publisher={Academic Press, Inc.}
}

@article{singh2016imaging,
  title={Imaging of oil layers, curvature and contact angle in a mixed-wet and a water-wet carbonate rock},
  author={Singh, Kamaljit and Bijeljic, Branko and Blunt, Martin J},
  journal={Water Resources Research},
  volume={52},
  number={3},
  pages={1716--1728},
  year={2016},
  publisher={Wiley Online Library}
}
@article{doyle1984random,
  title={Random walks and electri networks},
  author={Doyle, Peter},
  journal={Mathematical Assoc. of America},
  year={1984}
}
@article{mecke2005fluids,
  title={Fluids in porous media: a morphometric approach},
  author={Mecke, Klaus and Arns, CH},
  journal={Journal of Physics: Condensed Matter},
  volume={17},
  number={9},
  pages={S503},
  year={2005},
  publisher={IOP Publishing}
}

@article{vogel2001quantitative,
  title={Quantitative morphology and network representation of soil pore structure},
  author={Vogel, H-J and Roth, K},
  journal={Advances in water resources},
  volume={24},
  number={3-4},
  pages={233--242},
  year={2001},
  publisher={Elsevier}
}
@incollection{vogel2002topological,
  title={Topological characterization of porous media},
  author={Vogel, Hans-J{\"o}rg},
  booktitle={Morphology of condensed matter},
  pages={75--92},
  year={2002},
  publisher={Springer}
}

@article{kaneko1994determination,
  title={Determination of pore size and pore size distribution: 1. Adsorbents and catalysts},
  author={Kaneko, Katsumi},
  journal={Journal of membrane science},
  volume={96},
  number={1-2},
  pages={59--89},
  year={1994},
  publisher={Elsevier}
}
@article{yang2009image,
  title={An image-based method for obtaining pore-size distribution of porous media},
  author={Yang, Zhen and Peng, Xiao-Feng and Lee, Duu-Jong and Chen, Ming-Yuan},
  journal={Environmental science \& technology},
  volume={43},
  number={9},
  pages={3248--3253},
  year={2009},
  publisher={ACS Publications}
}
@article{delerue1999new,
  title={New algorithms in 3D image analysis and their application to the measurement of a spatialized pore size distribution in soils},
  author={Delerue, JF and Perrier, Edith and Yu, ZY and Velde, B},
  journal={Physics and Chemistry of the Earth, Part A: Solid Earth and Geodesy},
  volume={24},
  number={7},
  pages={639--644},
  year={1999},
  publisher={Elsevier}
}
@article{gostickporespy,
  title={PoreSpy: A Python Toolkit for Quantitative Analysis of Porous Media Images},
  author={Gostick, Jeff T and Khan, Zohaib A and Tranter, Thomas G and Kok, Matthew DR and Agnaou, Mehrez and Sadeghi, Mohammadamin and Jervis, Rhodri},
  journal={The Journal of Open Source Software},
  year={2019},
}

@book{niblack1985introduction,
  title={An introduction to digital image processing},
  author={Niblack, Wayne},
  year={1985},
  publisher={Strandberg Publishing Company}
}
@inproceedings{ronneberger2015u,
  title={U-net: Convolutional networks for biomedical image segmentation},
  author={Ronneberger, Olaf and Fischer, Philipp and Brox, Thomas},
  booktitle={International Conference on Medical image computing and computer-assisted intervention},
  pages={234--241},
  year={2015},
  organization={Springer}
}

@inproceedings{he2016deep,
  title={Deep residual learning for image recognition},
  author={He, Kaiming and Zhang, Xiangyu and Ren, Shaoqing and Sun, Jian},
  booktitle={Proceedings of the IEEE conference on computer vision and pattern recognition},
  pages={770--778},
  year={2016}
}
@inproceedings{long2015fully,
  title={Fully convolutional networks for semantic segmentation},
  author={Long, Jonathan and Shelhamer, Evan and Darrell, Trevor},
  booktitle={Proceedings of the IEEE conference on computer vision and pattern recognition},
  pages={3431--3440},
  year={2015}
}

@inproceedings{krizhevsky2012imagenet,
  title={Imagenet classification with deep convolutional neural networks},
  author={Krizhevsky, Alex and Sutskever, Ilya and Hinton, Geoffrey E},
  booktitle={Advances in neural information processing systems},
  pages={1097--1105},
  year={2012}
}
@article{lecun1989backpropagation,
  title={Backpropagation applied to handwritten zip code recognition},
  author={LeCun, Yann and Boser, Bernhard and Denker, John S and Henderson, Donnie and Howard, Richard E and Hubbard, Wayne and Jackel, Lawrence D},
  journal={Neural computation},
  volume={1},
  number={4},
  pages={541--551},
  year={1989},
  publisher={MIT Press}
}
@inproceedings{girshick2014rich,
  title={Rich feature hierarchies for accurate object detection and semantic segmentation},
  author={Girshick, Ross and Donahue, Jeff and Darrell, Trevor and Malik, Jitendra},
  booktitle={Proceedings of the IEEE conference on computer vision and pattern recognition},
  pages={580--587},
  year={2014}
}
@misc{Jorispytorch,
  author = {Joris van Vugt},
  title = {Pytorch-unet},
  year = {2017},
  publisher = {GitHub},
  journal = {GitHub repository},
  howpublished = {\url{https://github.com/jvanvugt/pytorch-unet}
}}
@article{van2011numpy,
  title={The NumPy array: a structure for efficient numerical computation},
  author={Van Der Walt, Stefan and Colbert, S Chris and Varoquaux, Gael},
  journal={Computing in Science \& Engineering},
  volume={13},
  number={2},
  pages={22},
  year={2011},
  publisher={IEEE Computer Society}
}
@article{paszke2017automatic,
  title={Automatic differentiation in PyTorch},
  author={Paszke, Adam and Gross, Sam and Chintala, Soumith and Chanan, Gregory and Yang, Edward and DeVito, Zachary and Lin, Zeming and Desmaison, Alban and Antiga, Luca and Lerer, Adam},
  year={2017}
}
@misc{tensorflow2015-whitepaper,
title={{TensorFlow}: Large-Scale Machine Learning on Heterogeneous Systems},
url={http://tensorflow.org/},
note={Software available from tensorflow.org},
author={
    Mart\'{\i}n~Abadi and
    Ashish~Agarwal and
    Paul~Barham and
    Eugene~Brevdo and
    Zhifeng~Chen and
    Craig~Citro and
    Greg~S.~Corrado and
    Andy~Davis and
    Jeffrey~Dean and
    Matthieu~Devin and
    Sanjay~Ghemawat and
    Ian~Goodfellow and
    Andrew~Harp and
    Geoffrey~Irving and
    Michael~Isard and
    Yangqing Jia and
    Rafal~Jozefowicz and
    Lukasz~Kaiser and
    Manjunath~Kudlur and
    Josh~Levenberg and
    Dan~Man\'{e} and
    Rajat~Monga and
    Sherry~Moore and
    Derek~Murray and
    Chris~Olah and
    Mike~Schuster and
    Jonathon~Shlens and
    Benoit~Steiner and
    Ilya~Sutskever and
    Kunal~Talwar and
    Paul~Tucker and
    Vincent~Vanhoucke and
    Vijay~Vasudevan and
    Fernanda~Vi\'{e}gas and
    Oriol~Vinyals and
    Pete~Warden and
    Martin~Wattenberg and
    Martin~Wicke and
    Yuan~Yu and
    Xiaoqiang~Zheng},
  year={2015},
}
@inproceedings{jia2014caffe,
  title={Caffe: Convolutional architecture for fast feature embedding},
  author={Jia, Yangqing and Shelhamer, Evan and Donahue, Jeff and Karayev, Sergey and Long, Jonathan and Girshick, Ross and Guadarrama, Sergio and Darrell, Trevor},
  booktitle={Proceedings of the 22nd ACM international conference on Multimedia},
  pages={675--678},
  year={2014},
  organization={ACM}
}
@article{arganda2017trainable,
  title={Trainable Weka Segmentation: a machine learning tool for microscopy pixel classification},
  author={Arganda-Carreras, Ignacio and Kaynig, Verena and Rueden, Curtis and Eliceiri, Kevin W and Schindelin, Johannes and Cardona, Albert and Sebastian Seung, H},
  journal={Bioinformatics},
  volume={33},
  number={15},
  pages={2424--2426},
  year={2017},
  publisher={Oxford University Press}
}
@article{lloyd1982least,
  title={Least squares quantization in PCM},
  author={Lloyd, Stuart},
  journal={IEEE transactions on information theory},
  volume={28},
  number={2},
  pages={129--137},
  year={1982},
  publisher={IEEE}
}
@inproceedings{krizhevsky2012imagenet,
  title={Imagenet classification with deep convolutional neural networks},
  author={Krizhevsky, Alex and Sutskever, Ilya and Hinton, Geoffrey E},
  booktitle={Advances in neural information processing systems},
  pages={1097--1105},
  year={2012}
}

@article{lecun2015deep,
  title={Deep learning},
  author={LeCun, Yann and Bengio, Yoshua and Hinton, Geoffrey},
  journal={nature},
  volume={521},
  number={7553},
  pages={436},
  year={2015},
  publisher={Nature Publishing Group}
}
@inproceedings{ciresan2012deep,
  title={Deep neural networks segment neuronal membranes in electron microscopy images},
  author={Ciresan, Dan and Giusti, Alessandro and Gambardella, Luca M and Schmidhuber, J{\"u}rgen},
  booktitle={Advances in neural information processing systems},
  pages={2843--2851},
  year={2012}
}
@article{delong1988comparing,
  title={Comparing the areas under two or more correlated receiver operating characteristic curves: a nonparametric approach.},
  author={DeLong, Elizabeth R and DeLong, David M and Clarke-Pearson, Daniel L},
  journal={Biometrics},
  volume={44},
  number={3},
  pages={837--845},
  year={1988}
}
@inproceedings{rahman2016optimizing,
  title={Optimizing intersection-over-union in deep neural networks for image segmentation},
  author={Rahman, Md Atiqur and Wang, Yang},
  booktitle={International symposium on visual computing},
  pages={234--244},
  year={2016},
  organization={Springer}
}
@article{bernal2019deep,
  title={Deep convolutional neural networks for brain image analysis on magnetic resonance imaging: a review},
  author={Bernal, Jose and Kushibar, Kaisar and Asfaw, Daniel S and Valverde, Sergi and Oliver, Arnau and Mart{\'\i}, Robert and Llad{\'o}, Xavier},
  journal={Artificial intelligence in medicine},
  volume={95},
  pages={64--81},
  year={2019},
  publisher={Elsevier}
}
@article{deng2014deep,
  title={Deep learning: methods and applications},
  author={Deng, Li and Yu, Dong and others},
  journal={Foundations and Trends{\textregistered} in Signal Processing},
  volume={7},
  number={3--4},
  pages={197--387},
  year={2014},
  publisher={Now Publishers, Inc.}
}
@inproceedings{maas2013rectifier,
  title={Rectifier nonlinearities improve neural network acoustic models},
  author={Maas, Andrew L and Hannun, Awni Y and Ng, Andrew Y},
  booktitle={Proc. icml},
  volume={30},
  number={1},
  pages={3},
  year={2013}
}
@inproceedings{he2015delving,
  title={Delving deep into rectifiers: Surpassing human-level performance on imagenet classification},
  author={He, Kaiming and Zhang, Xiangyu and Ren, Shaoqing and Sun, Jian},
  booktitle={Proceedings of the IEEE international conference on computer vision},
  pages={1026--1034},
  year={2015}
}
@article{xu2015empirical,
  title={Empirical evaluation of rectified activations in convolutional network},
  author={Xu, Bing and Wang, Naiyan and Chen, Tianqi and Li, Mu},
  journal={arXiv preprint arXiv:1505.00853},
  year={2015}
}
@book{goodfellow2016deep,
  title={Deep learning},
  author={Goodfellow, Ian and Bengio, Yoshua and Courville, Aaron},
  year={2016},
  publisher={MIT press}
}
@inproceedings{szegedy2015going,
  title={Going deeper with convolutions},
  author={Szegedy, Christian and Liu, Wei and Jia, Yangqing and Sermanet, Pierre and Reed, Scott and Anguelov, Dragomir and Erhan, Dumitru and Vanhoucke, Vincent and Rabinovich, Andrew},
  booktitle={Proceedings of the IEEE conference on computer vision and pattern recognition},
  pages={1--9},
  year={2015}
}
@article{simonyan2014very,
  title={Very deep convolutional networks for large-scale image recognition},
  author={Simonyan, Karen and Zisserman, Andrew},
  journal={arXiv preprint arXiv:1409.1556},
  year={2014}
}
@article{kingma2014adam,
  title={Adam: A method for stochastic optimization},
  author={Kingma, Diederik P and Ba, Jimmy},
  journal={arXiv preprint arXiv:1412.6980},
  year={2014}
}
@article{graves2013generating,
  title={Generating sequences with recurrent neural networks},
  author={Graves, Alex},
  journal={arXiv preprint arXiv:1308.0850},
  year={2013}
}
@inproceedings{sutskever2013importance,
  title={On the importance of initialization and momentum in deep learning},
  author={Sutskever, Ilya and Martens, James and Dahl, George and Hinton, Geoffrey},
  booktitle={International conference on machine learning},
  pages={1139--1147},
  year={2013}
}
@incollection{bottou2010large,
  title={Large-scale machine learning with stochastic gradient descent},
  author={Bottou, L{\'e}on},
  booktitle={Proceedings of COMPSTAT'2010},
  pages={177--186},
  year={2010},
  publisher={Springer}
}
@misc{MofanPython,
  title = {Mofan Python. (2019). Optimizer - PyTorch | Python},
  howpublished = {\url{https://morvanzhou.github.io/tutorials/machine-learning/torch/3-06-optimizer}},
  note = {Accessed 10 Oct. 2019}
}
@article{shannon1948mathematical,
  title={A mathematical theory of communication},
  author={Shannon, Claude Elwood},
  journal={Bell system technical journal},
  volume={27},
  number={3},
  pages={379--423},
  year={1948},
  publisher={Wiley Online Library}
}
@book{cook2012cuda,
  title={CUDA programming: a developer's guide to parallel computing with GPUs},
  author={Cook, Shane},
  year={2012},
  publisher={Newnes}
}
@article{ioffe2015batch,
  title={Batch normalization: Accelerating deep network training by reducing internal covariate shift},
  author={Ioffe, Sergey and Szegedy, Christian},
  journal={arXiv preprint arXiv:1502.03167},
  year={2015}
}
@inproceedings{nguyen2015deep,
  title={Deep neural networks are easily fooled: High confidence predictions for unrecognizable images},
  author={Nguyen, Anh and Yosinski, Jason and Clune, Jeff},
  booktitle={Proceedings of the IEEE conference on computer vision and pattern recognition},
  pages={427--436},
  year={2015}
}
@article{su2019one,
  title={One pixel attack for fooling deep neural networks},
  author={Su, Jiawei and Vargas, Danilo Vasconcellos and Sakurai, Kouichi},
  journal={IEEE Transactions on Evolutionary Computation},
  year={2019},
  publisher={IEEE}
}
@article{goodfellow2014explaining,
  title={Explaining and harnessing adversarial examples},
  author={Goodfellow, Ian J and Shlens, Jonathon and Szegedy, Christian},
  journal={arXiv preprint arXiv:1412.6572},
  year={2014}
}
@article{iglauer2011residual,
  title={Residual CO2 imaged with X-ray micro-tomography},
  author={Iglauer, Stefan and Paluszny, Adriana and Pentland, Christopher H and Blunt, Martin J},
  journal={Geophysical Research Letters},
  volume={38},
  number={21},
  year={2011},
  publisher={Wiley Online Library}
}

@article{prodanovic20073d,
  title={3D image-based characterization of fluid displacement in a Berea core},
  author={Prodanovi{\'c}, M and Lindquist, WB and Seright, RS},
  journal={Advances in Water Resources},
  volume={30},
  number={2},
  pages={214--226},
  year={2007},
  publisher={Elsevier}
}
@article{ramskill2016fast,
  title={Fast imaging of laboratory core floods using 3D compressed sensing RARE MRI},
  author={Ramskill, NP and Bush, I and Sederman, AJ and Mantle, MD and Benning, Martin and Anger, BC and Appel, M and Gladden, LF},
  journal={Journal of Magnetic Resonance},
  volume={270},
  pages={187--197},
  year={2016},
  publisher={Elsevier}
}
@article{berg2013real,
  title={Real-time 3D imaging of Haines jumps in porous media flow},
  author={Berg, Steffen and Ott, Holger and Klapp, Stephan A and Schwing, Alex and Neiteler, Rob and Brussee, Niels and Makurat, Axel and Leu, Leon and Enzmann, Frieder and Schwarz, Jens-Oliver and others},
  journal={Proceedings of the National Academy of Sciences},
  volume={110},
  number={10},
  pages={3755--3759},
  year={2013},
  publisher={National Acad Sciences}
}
@article{pak2015droplet,
  title={Droplet fragmentation: 3D imaging of a previously unidentified pore-scale process during multiphase flow in porous media},
  author={Pak, Tannaz and Butler, Ian B and Geiger, Sebastian and van Dijke, Marinus IJ and Sorbie, Ken S},
  journal={Proceedings of the National Academy of Sciences},
  volume={112},
  number={7},
  pages={1947--1952},
  year={2015},
  publisher={National Acad Sciences}
}


@article{shi2011supercritical,
  title={Supercritical CO2 core flooding and imbibition in Berea sandstone—CT imaging and numerical simulation},
  author={Shi, Ji-Quan and Xue, Ziqiu and Durucan, Sevket},
  journal={Energy Procedia},
  volume={4},
  pages={5001--5008},
  year={2011},
  publisher={Elsevier}
}
@article{iglauer2012comparison,
  title={Comparison of residual oil cluster size distribution, morphology and saturation in oil-wet and water-wet sandstone},
  author={Iglauer, Stefan and Fern{\o}, MA and Shearing, Paul and Blunt, MJ},
  journal={Journal of colloid and interface science},
  volume={375},
  number={1},
  pages={187--192},
  year={2012},
  publisher={Elsevier}
}
@inproceedings{churcher1991rock,
  title={Rock properties of Berea sandstone, Baker dolomite, and Indiana limestone},
  author={Churcher, PL and French, PR and Shaw, JC and Schramm, LL and others},
  booktitle={SPE International Symposium on Oilfield Chemistry},
  volume={20},
  pages={22},
  year={1991},
  organization={Society of Petroleum Engineers Anaheim, CA}
}

@article{hirt1981volume,
  title={Volume of fluid (VOF) method for the dynamics of free boundaries},
  author={Hirt, Cyril W and Nichols, Billy D},
  journal={Journal of computational physics},
  volume={39},
  number={1},
  pages={201--225},
  year={1981},
  publisher={Elsevier}
}

@article{dong2009pore,
  title={Pore-network extraction from micro-computerized-tomography images},
  author={Dong, Hu and Blunt, Martin J},
  journal={Physical review E},
  volume={80},
  number={3},
  pages={036307},
  year={2009},
  publisher={APS}
}
@article{raeini2017generalized,
  title={Generalized network modeling: Network extraction as a coarse-scale discretization of the void space of porous media},
  author={Raeini, Ali Q and Bijeljic, Branko and Blunt, Martin J},
  journal={Physical Review E},
  volume={96},
  number={1},
  pages={013312},
  year={2017},
  publisher={APS}
}
@article{bultreys2018validation,
  title={Validation of model predictions of pore-scale fluid distributions during two-phase flow},
  author={Bultreys, Tom and Lin, Qingyang and Gao, Ying and Raeini, Ali Q and AlRatrout, Ahmed and Bijeljic, Branko and Blunt, Martin J},
  journal={Physical Review E},
  volume={97},
  number={5},
  pages={053104},
  year={2018},
  publisher={APS}
}
@article{brackbill1992continuum,
  title={A continuum method for modeling surface tension},
  author={Brackbill, Jeremiah U and Kothe, Douglas B and Zemach, Charles},
  journal={Journal of computational physics},
  volume={100},
  number={2},
  pages={335--354},
  year={1992},
  publisher={Elsevier}
}
@article{weller1998tensorial,
  title={A tensorial approach to computational continuum mechanics using object-oriented techniques},
  author={Weller, Henry G and Tabor, Gavin and Jasak, Hrvoje and Fureby, Christer},
  journal={Computers in physics},
  volume={12},
  number={6},
  pages={620--631},
  year={1998},
  publisher={AIP}
}
@misc{Geochemfoam,
  title = {GeoChemFoam},
  howpublished = {\url{https://bitbucket.org/HWUCarbonates/geochemfoam-4.0/src/master/}},
}
@article{rucker2015connected,
  title={From connected pathway flow to ganglion dynamics},
  author={R{\"u}cker, M and Berg, S and Armstrong, RT and Georgiadis, A and Ott, H and Schwing, A and Neiteler, R and Brussee, N and Makurat, A and Leu, L and others},
  journal={Geophysical Research Letters},
  volume={42},
  number={10},
  pages={3888--3894},
  year={2015},
  publisher={Wiley Online Library}
}


@article{armstrong2013interfacial,
  title={Interfacial velocities and capillary pressure gradients during Haines jumps},
  author={Armstrong, Ryan T and Berg, Steffen},
  journal={Physical Review E},
  volume={88},
  number={4},
  pages={043010},
  year={2013},
  publisher={APS}
}
@article{peters1990visualization,
  title={Visualization of fluid displacements in porous media using computed tomography imaging},
  author={Peters, Ekwere J and Hardham, William D},
  journal={Journal of petroleum Science and Engineering},
  volume={4},
  number={2},
  pages={155--168},
  year={1990},
  publisher={Elsevier}
}
@article{graue1990imaging,
  title={Imaging fluid saturation development in long-core flood displacements},
  author={Graue, Arne and Kolltvelt, Kristofer and Lien, Jan R and Skauge, Arne and others},
  journal={SPE Formation Evaluation},
  volume={5},
  number={04},
  pages={406--412},
  year={1990},
  publisher={Society of Petroleum Engineers}
}
@article{alemu2011influence,
  title={Influence of CO2 on rock physics properties in typical reservoir rock: A CO2 flooding experiment of brine saturated sandstone in a CT-scanner},
  author={Alemu, Binyam L and Aker, Eyvind and Soldal, Magnus and Johnsen, {\O}istein and Aagaard, Per},
  journal={Energy Procedia},
  volume={4},
  pages={4379--4386},
  year={2011},
  publisher={Elsevier}
}
@article{miao2019improved,
  title={Improved Vinegar \& Wellington calibration for estimation of fluid saturation and porosity from CT images for a core flooding test under geologic carbon storage conditions},
  author={Miao, Xiuxiu and Wang, Yan and Zhang, Liwei and Wei, Ning and Li, Xiaochun},
  journal={Micron},
  volume={124},
  pages={102703},
  year={2019},
  publisher={Elsevier}
}
@article{shi2011supercritical,
  title={Supercritical CO2 core flooding and imbibition in Tako sandstone—Influence of sub-core scale heterogeneity},
  author={Shi, Ji-Quan and Xue, Ziqiu and Durucan, Sevket},
  journal={International Journal of Greenhouse Gas Control},
  volume={5},
  number={1},
  pages={75--87},
  year={2011},
  publisher={Elsevier}
}
@article{lenormand1980description,
  title={Description of a bond percolation mechanism used for the simulation of drainage with trapping in porous-media},
  author={Lenormand, Roland and Bories, S},
  journal={Comptes Rendus Hebdomadaires Des Seances De L Academie Des Sciences Serie B},
  volume={291},
  number={12},
  pages={279--282},
  year={1980},
  publisher={GAUTHIER-VILLARS 120 BLVD SAINT-GERMAIN, 75280 PARIS CEDEX O6, FRANCE}
}
@article{blunt1995pore,
  title={Pore-level modeling of wetting},
  author={Blunt, Martin J and Scher, Harvey},
  journal={Physical Review E},
  volume={52},
  number={6},
  pages={6387},
  year={1995},
  publisher={APS}
}

@article{chatenever1952visual,
  title={Visual examinations of fluid behavior in porous media-part i},
  author={Chatenever, Alfred and Calhoun Jr, John C and others},
  journal={Journal of Petroleum Technology},
  volume={4},
  number={06},
  pages={149--156},
  year={1952},
  publisher={Society of Petroleum Engineers}
}
@article{datta2014fluid,
  title={Fluid breakup during simultaneous two-phase flow through a three-dimensional porous medium},
  author={Datta, Sujit S and Dupin, Jean-Baptiste and Weitz, David A},
  journal={Physics of Fluids},
  volume={26},
  number={6},
  pages={062004},
  year={2014},
  publisher={AIP}
}
@article{singh2016imaging,
  title={Imaging of oil layers, curvature and contact angle in a mixed-wet and a water-wet carbonate rock},
  author={Singh, Kamaljit and Bijeljic, Branko and Blunt, Martin J},
  journal={Water Resources Research},
  volume={52},
  number={3},
  pages={1716--1728},
  year={2016},
  publisher={Wiley Online Library}
}

@article{menke2016reservoir,
  title={Reservoir condition imaging of reactive transport in heterogeneous carbonates using fast synchrotron tomography—Effect of initial pore structure and flow conditions},
  author={Menke, HP and Andrew, MG and Blunt, MJ and Bijeljic, B},
  journal={Chemical Geology},
  volume={428},
  pages={15--26},
  year={2016},
  publisher={Elsevier}
}
@article{menke2017dynamic,
  title={Dynamic pore-scale reservoir-condition imaging of reaction in carbonates using synchrotron fast tomography},
  author={Menke, Hannah P and Andrew, Matthew G and Vila-Comamala, Joan and Rau, Christoph and Blunt, Martin J and Bijeljic, Branko},
  journal={JoVE (Journal of Visualized Experiments)},
  number={120},
  pages={e53763},
  year={2017}
}

@article{spurin2019intermittent,
  title={Intermittent fluid connectivity during two-phase flow in a heterogeneous carbonate rock},
  author={Spurin, Catherine and Bultreys, Tom and Bijeljic, Branko and Blunt, Martin J and Krevor, Samuel},
  journal={Physical Review E},
  volume={100},
  number={4},
  pages={043103},
  year={2019},
  publisher={APS}
}
@article{chandler1982capillary,
  title={Capillary displacement and percolation in porous media},
  author={Chandler, Richard and Koplik, Joel and Lerman, Kenneth and Willemsen, Jorge F},
  journal={Journal of Fluid Mechanics},
  volume={119},
  pages={249--267},
  year={1982},
  publisher={Cambridge University Press}
}
@article{cieplak1988dynamical,
  title={Dynamical transition in quasistatic fluid invasion in porous media},
  author={Cieplak, Marek and Robbins, Mark O},
  journal={Physical review letters},
  volume={60},
  number={20},
  pages={2042},
  year={1988},
  publisher={APS}
}
@article{cieplak1990influence,
  title={Influence of contact angle on quasistatic fluid invasion of porous media},
  author={Cieplak, Marek and Robbins, Mark O},
  journal={Physical Review B},
  volume={41},
  number={16},
  pages={11508},
  year={1990},
  publisher={APS}
}
@inproceedings{broadbent1957percolation,
  title={Percolation processes: I. Crystals and mazes},
  author={Broadbent, Simon R and Hammersley, John M},
  booktitle={Mathematical Proceedings of the Cambridge Philosophical Society},
  volume={53},
  number={3},
  pages={629--641},
  year={1957},
  organization={Cambridge University Press}
}
@article{homsy1987viscous,
  title={Viscous fingering in porous media},
  author={Homsy, George M},
  journal={Annual review of fluid mechanics},
  volume={19},
  number={1},
  pages={271--311},
  year={1987},
  publisher={Annual Reviews 4139 El Camino Way, PO Box 10139, Palo Alto, CA 94303-0139, USA}
}
@article{witten1981diffusion,
  title={Diffusion-limited aggregation, a kinetic critical phenomenon},
  author={Witten Jr, TA and Sander, Leonard M},
  journal={Physical review letters},
  volume={47},
  number={19},
  pages={1400},
  year={1981},
  publisher={APS}
}
@article{akin2003computed,
  title={Computed tomography in petroleum engineering research},
  author={Akin, Serhat and Kovscek, AR},
  journal={Geological Society, London, Special Publications},
  volume={215},
  number={1},
  pages={23--38},
  year={2003},
  publisher={Geological Society of London}
}
@article{ketcham2001acquisition,
  title={Acquisition, optimization and interpretation of X-ray computed tomographic imagery: applications to the geosciences},
  author={Ketcham, Richard A and Carlson, William D},
  journal={Computers \& Geosciences},
  volume={27},
  number={4},
  pages={381--400},
  year={2001},
  publisher={Elsevier}
}
@article{sokolov1966synchrotron,
  title={Synchrotron radiation},
  author={Sokolov, Arsenij Aleksandrovi{\v{c}} and Ternov, Igor Michajlovic},
  journal={siiz},
  year={1966}
}
@article{ginzburg1965cosmic,
  title={Cosmic magnetobremsstrahlung (synchrotron radiation)},
  author={Ginzburg, Vitalii L and Syrovatskii, SI},
  journal={Annual Review of Astronomy and Astrophysics},
  volume={3},
  number={1},
  pages={297--350},
  year={1965},
  publisher={Annual Reviews 4139 El Camino Way, PO Box 10139, Palo Alto, CA 94303-0139, USA}
}
@article{robinson2001history,
  title={History of synchrotron radiation},
  author={Robinson, A},
  year={2001}
}
@article{bonse1996x,
  title={X-ray computed microtomography ($\mu$CT) using synchrotron radiation (SR)},
  author={Bonse, Ulrich and Busch, Frank},
  journal={Progress in biophysics and molecular biology},
  volume={65},
  number={1-2},
  pages={133--169},
  year={1996},
  publisher={Elsevier}
}
@article{feldkamp1984practical,
  title={Practical cone-beam algorithm},
  author={Feldkamp, Lee A and Davis, Lloyd C and Kress, James W},
  journal={Josa a},
  volume={1},
  number={6},
  pages={612--619},
  year={1984},
  publisher={Optical Society of America}
}
@book{haug2004elementary,
  title={The elementary process of bremsstrahlung},
  author={Haug, Eberhard and Nakel, Werner},
  volume={73},
  year={2004},
  publisher={World Scientific}
}
@misc{asg1966berkeley,
  title={Berkeley Physics Course (Vol. 2). Electricity and Magnetism},
  author={ASG},
  year={1966},
  publisher={JSTOR}
}
@article{stock2008recent,
  title={Recent advances in X-ray microtomography applied to materials},
  author={Stock, SR},
  journal={International Materials Reviews},
  volume={53},
  number={3},
  pages={129--181},
  year={2008},
  publisher={Taylor \& Francis}
}
@book{behling2015modern,
  title={Modern Diagnostic X-Ray Sources: Technology, Manufacturing, Reliability},
  author={Behling, Rolf},
  year={2015},
  publisher={CRC Press}
}
@incollection{uruga2017synchrotron,
  title={Synchrotron-Radiation Sources, X-ray Optics and Beamlines},
  author={Uruga, Tomoya},
  booktitle={XAFS Techniques for Catalysts, Nanomaterials, and Surfaces},
  pages={53--62},
  year={2017},
  publisher={Springer}
}
@article{winicksynchrotron1987,
 ISSN = {00368733, 19467087},
 URL = {http://www.jstor.org/stable/24979549},
 author = {Herman Winick},
 journal = {Scientific American},
 number = {5},
 pages = {88--101},
 publisher = {Scientific American, a division of Nature America, Inc.},
 title = {Synchrotron Radiation},
 volume = {257},
 year = {1987}
}
@inproceedings{jiang2009computed,
  title={Computed tomography: principles, design, artifacts, and recent advances},
  author={Jiang, Hsieh},
  booktitle={SPIE},
  year={2009}
}
@book{hsieh2003computed,
  title={Computed tomography: principles, design, artifacts, and recent advances},
  author={Hsieh, Jiang},
  volume={114},
  year={2003},
  publisher={SPIE press}
}
@book{kak2001principles,
  title={Principles of computerized tomographic imaging},
  author={Kak, Avinash C and Slaney, Malcolm},
  year={2001},
  publisher={SIAM}
}

@misc{CTscanartefacts,
  author = {Angelika, Sebald and Aneurin, Kennerley},
  title = {CT scan artefacts},
  howpublished = {\url{https://maxfacts.uk/diagnosis/tests/ct-scans}},
  year = {2019},
  note = {Accessed 2020-06-30}
}

@misc{CTartifacts,
  title = {CT artifacts},
  howpublished = {\url{https://slideplayer.com/slide/16446617/}},
  note = {Accessed 2020-06-30}
}
@article{mori2013photon,
  title={Photon starvation artifacts of X-ray CT: their true cause and a solution},
  author={Mori, Issei and Machida, Yoshio and Osanai, Makoto and Iinuma, Kazuhiro},
  journal={Radiological physics and technology},
  volume={6},
  number={1},
  pages={130--141},
  year={2013},
  publisher={Springer}
}