@article{iglauer2011residual,
  title={Residual CO2 imaged with X-ray micro-tomography},
  author={Iglauer, Stefan and Paluszny, Adriana and Pentland, Christopher H and Blunt, Martin J},
  journal={Geophysical Research Letters},
  volume={38},
  number={21},
  year={2011},
  publisher={Wiley Online Library}
}

@article{prodanovic20073d,
  title={3D image-based characterization of fluid displacement in a Berea core},
  author={Prodanovi{\'c}, M and Lindquist, WB and Seright, RS},
  journal={Advances in Water Resources},
  volume={30},
  number={2},
  pages={214--226},
  year={2007},
  publisher={Elsevier}
}
@article{ramskill2016fast,
  title={Fast imaging of laboratory core floods using 3D compressed sensing RARE MRI},
  author={Ramskill, NP and Bush, I and Sederman, AJ and Mantle, MD and Benning, Martin and Anger, BC and Appel, M and Gladden, LF},
  journal={Journal of Magnetic Resonance},
  volume={270},
  pages={187--197},
  year={2016},
  publisher={Elsevier}
}
@article{berg2013real,
  title={Real-time 3D imaging of Haines jumps in porous media flow},
  author={Berg, Steffen and Ott, Holger and Klapp, Stephan A and Schwing, Alex and Neiteler, Rob and Brussee, Niels and Makurat, Axel and Leu, Leon and Enzmann, Frieder and Schwarz, Jens-Oliver and others},
  journal={Proceedings of the National Academy of Sciences},
  volume={110},
  number={10},
  pages={3755--3759},
  year={2013},
  publisher={National Acad Sciences}
}
@article{pak2015droplet,
  title={Droplet fragmentation: 3D imaging of a previously unidentified pore-scale process during multiphase flow in porous media},
  author={Pak, Tannaz and Butler, Ian B and Geiger, Sebastian and van Dijke, Marinus IJ and Sorbie, Ken S},
  journal={Proceedings of the National Academy of Sciences},
  volume={112},
  number={7},
  pages={1947--1952},
  year={2015},
  publisher={National Acad Sciences}
}
@article{reynolds2017dynamic,
  title={Dynamic fluid connectivity during steady-state multiphase flow in a sandstone},
  author={Reynolds, Catriona A and Menke, Hannah and Andrew, Matthew and Blunt, Martin J and Krevor, Samuel},
  journal={Proceedings of the National Academy of Sciences},
  volume={114},
  number={31},
  pages={8187--8192},
  year={2017},
  publisher={National Acad Sciences}
}

@article{shi2011supercritical,
  title={Supercritical CO2 core flooding and imbibition in Berea sandstone—CT imaging and numerical simulation},
  author={Shi, Ji-Quan and Xue, Ziqiu and Durucan, Sevket},
  journal={Energy Procedia},
  volume={4},
  pages={5001--5008},
  year={2011},
  publisher={Elsevier}
}
@article{iglauer2012comparison,
  title={Comparison of residual oil cluster size distribution, morphology and saturation in oil-wet and water-wet sandstone},
  author={Iglauer, Stefan and Fern{\o}, MA and Shearing, Paul and Blunt, MJ},
  journal={Journal of colloid and interface science},
  volume={375},
  number={1},
  pages={187--192},
  year={2012},
  publisher={Elsevier}
}
@inproceedings{churcher1991rock,
  title={Rock properties of Berea sandstone, Baker dolomite, and Indiana limestone},
  author={Churcher, PL and French, PR and Shaw, JC and Schramm, LL and others},
  booktitle={SPE International Symposium on Oilfield Chemistry},
  volume={20},
  pages={22},
  year={1991},
  organization={Society of Petroleum Engineers Anaheim, CA}
}
@article{abdallah1986fundamentals,
  title={Fundamentals of wettability},
  author={Abdallah, Wael and Buckley, Jill S and Carnegie, Andrew and Edwards, John and Herold, Bernd and Fordham, Edmund and Graue, Arne and Habashy, Tarek and Seleznev, Nikita and Signer, Claude and others},
  journal={Technology},
  volume={38},
  number={1125-1144},
  pages={268},
  year={1986}
}
@article{hirt1981volume,
  title={Volume of fluid (VOF) method for the dynamics of free boundaries},
  author={Hirt, Cyril W and Nichols, Billy D},
  journal={Journal of computational physics},
  volume={39},
  number={1},
  pages={201--225},
  year={1981},
  publisher={Elsevier}
}
@article{roof1970snap,
  title={Snap-off of oil droplets in water-wet pores},
  author={Roof, JG and others},
  journal={Society of Petroleum Engineers Journal},
  volume={10},
  number={01},
  pages={85--90},
  year={1970},
  publisher={Society of Petroleum Engineers}
}
@article{dong2009pore,
  title={Pore-network extraction from micro-computerized-tomography images},
  author={Dong, Hu and Blunt, Martin J},
  journal={Physical review E},
  volume={80},
  number={3},
  pages={036307},
  year={2009},
  publisher={APS}
}
@article{raeini2017generalized,
  title={Generalized network modeling: Network extraction as a coarse-scale discretization of the void space of porous media},
  author={Raeini, Ali Q and Bijeljic, Branko and Blunt, Martin J},
  journal={Physical Review E},
  volume={96},
  number={1},
  pages={013312},
  year={2017},
  publisher={APS}
}
@article{bultreys2018validation,
  title={Validation of model predictions of pore-scale fluid distributions during two-phase flow},
  author={Bultreys, Tom and Lin, Qingyang and Gao, Ying and Raeini, Ali Q and AlRatrout, Ahmed and Bijeljic, Branko and Blunt, Martin J},
  journal={Physical Review E},
  volume={97},
  number={5},
  pages={053104},
  year={2018},
  publisher={APS}
}
@article{brackbill1992continuum,
  title={A continuum method for modeling surface tension},
  author={Brackbill, Jeremiah U and Kothe, Douglas B and Zemach, Charles},
  journal={Journal of computational physics},
  volume={100},
  number={2},
  pages={335--354},
  year={1992},
  publisher={Elsevier}
}
@article{weller1998tensorial,
  title={A tensorial approach to computational continuum mechanics using object-oriented techniques},
  author={Weller, Henry G and Tabor, Gavin and Jasak, Hrvoje and Fureby, Christer},
  journal={Computers in physics},
  volume={12},
  number={6},
  pages={620--631},
  year={1998},
  publisher={AIP}
}
@misc{Geochemfoam,
  title = {GeoChemFoam},
  howpublished = {\url{https://bitbucket.org/HWUCarbonates/geochemfoam-4.0/src/master/}},
}
@article{rucker2015connected,
  title={From connected pathway flow to ganglion dynamics},
  author={R{\"u}cker, M and Berg, S and Armstrong, RT and Georgiadis, A and Ott, H and Schwing, A and Neiteler, R and Brussee, N and Makurat, A and Leu, L and others},
  journal={Geophysical Research Letters},
  volume={42},
  number={10},
  pages={3888--3894},
  year={2015},
  publisher={Wiley Online Library}
}
@article{lenormand1983mechanisms,
  title={Mechanisms of the displacement of one fluid by another in a network of capillary ducts},
  author={Lenormand, Roland and Zarcone, Cesar and Sarr, A},
  journal={Journal of Fluid Mechanics},
  volume={135},
  pages={337--353},
  year={1983},
  publisher={Cambridge University Press}
}
@inproceedings{lenormand1984role,
  title={Role of roughness and edges during imbibition in square capillaries},
  author={Lenormand, Roland and Zarcone, Cesar and others},
  booktitle={SPE annual technical conference and exhibition},
  year={1984},
  organization={Society of Petroleum Engineers}
}
@article{blunt1992simulation,
  title={Simulation and theory of two-phase flow in porous media},
  author={Blunt, Martin and King, Michael J and Scher, Harvey},
  journal={Physical Review A},
  volume={46},
  number={12},
  pages={7680},
  year={1992},
  publisher={APS}
}
@article{armstrong2013interfacial,
  title={Interfacial velocities and capillary pressure gradients during Haines jumps},
  author={Armstrong, Ryan T and Berg, Steffen},
  journal={Physical Review E},
  volume={88},
  number={4},
  pages={043010},
  year={2013},
  publisher={APS}
}
@article{peters1990visualization,
  title={Visualization of fluid displacements in porous media using computed tomography imaging},
  author={Peters, Ekwere J and Hardham, William D},
  journal={Journal of petroleum Science and Engineering},
  volume={4},
  number={2},
  pages={155--168},
  year={1990},
  publisher={Elsevier}
}
@article{graue1990imaging,
  title={Imaging fluid saturation development in long-core flood displacements},
  author={Graue, Arne and Kolltvelt, Kristofer and Lien, Jan R and Skauge, Arne and others},
  journal={SPE Formation Evaluation},
  volume={5},
  number={04},
  pages={406--412},
  year={1990},
  publisher={Society of Petroleum Engineers}
}
@article{alemu2011influence,
  title={Influence of CO2 on rock physics properties in typical reservoir rock: A CO2 flooding experiment of brine saturated sandstone in a CT-scanner},
  author={Alemu, Binyam L and Aker, Eyvind and Soldal, Magnus and Johnsen, {\O}istein and Aagaard, Per},
  journal={Energy Procedia},
  volume={4},
  pages={4379--4386},
  year={2011},
  publisher={Elsevier}
}
@article{miao2019improved,
  title={Improved Vinegar \& Wellington calibration for estimation of fluid saturation and porosity from CT images for a core flooding test under geologic carbon storage conditions},
  author={Miao, Xiuxiu and Wang, Yan and Zhang, Liwei and Wei, Ning and Li, Xiaochun},
  journal={Micron},
  volume={124},
  pages={102703},
  year={2019},
  publisher={Elsevier}
}
@article{shi2011supercritical,
  title={Supercritical CO2 core flooding and imbibition in Tako sandstone—Influence of sub-core scale heterogeneity},
  author={Shi, Ji-Quan and Xue, Ziqiu and Durucan, Sevket},
  journal={International Journal of Greenhouse Gas Control},
  volume={5},
  number={1},
  pages={75--87},
  year={2011},
  publisher={Elsevier}
}
@article{lenormand1980description,
  title={Description of a bond percolation mechanism used for the simulation of drainage with trapping in porous-media},
  author={Lenormand, Roland and Bories, S},
  journal={Comptes Rendus Hebdomadaires Des Seances De L Academie Des Sciences Serie B},
  volume={291},
  number={12},
  pages={279--282},
  year={1980},
  publisher={GAUTHIER-VILLARS 120 BLVD SAINT-GERMAIN, 75280 PARIS CEDEX O6, FRANCE}
}
@article{blunt1995pore,
  title={Pore-level modeling of wetting},
  author={Blunt, Martin J and Scher, Harvey},
  journal={Physical Review E},
  volume={52},
  number={6},
  pages={6387},
  year={1995},
  publisher={APS}
}

@article{lenormand1983mechanisms,
  title={Mechanisms of the displacement of one fluid by another in a network of capillary ducts},
  author={Lenormand, Roland and Zarcone, Cesar and Sarr, A},
  journal={Journal of Fluid Mechanics},
  volume={135},
  pages={337--353},
  year={1983},
  publisher={Cambridge University Press}
}
@article{chatenever1952visual,
  title={Visual examinations of fluid behavior in porous media-part i},
  author={Chatenever, Alfred and Calhoun Jr, John C and others},
  journal={Journal of Petroleum Technology},
  volume={4},
  number={06},
  pages={149--156},
  year={1952},
  publisher={Society of Petroleum Engineers}
}
@article{datta2014fluid,
  title={Fluid breakup during simultaneous two-phase flow through a three-dimensional porous medium},
  author={Datta, Sujit S and Dupin, Jean-Baptiste and Weitz, David A},
  journal={Physics of Fluids},
  volume={26},
  number={6},
  pages={062004},
  year={2014},
  publisher={AIP}
}
@article{singh2016imaging,
  title={Imaging of oil layers, curvature and contact angle in a mixed-wet and a water-wet carbonate rock},
  author={Singh, Kamaljit and Bijeljic, Branko and Blunt, Martin J},
  journal={Water Resources Research},
  volume={52},
  number={3},
  pages={1716--1728},
  year={2016},
  publisher={Wiley Online Library}
}
@article{wildenschild2013x,
  title={X-ray imaging and analysis techniques for quantifying pore-scale structure and processes in subsurface porous medium systems},
  author={Wildenschild, Dorthe and Sheppard, Adrian P},
  journal={Advances in Water Resources},
  volume={51},
  pages={217--246},
  year={2013},
  publisher={Elsevier}
}
@article{niblack1986introduction,
  title={An Introduction to Digital Image Processing, 115--116 Prentice-Hall},
  author={Niblack, W},
  journal={Englewood Cliffs, New Jersey},
  year={1986}
}
@article{sauvola2000adaptive,
  title={Adaptive document image binarization},
  author={Sauvola, Jaakko and Pietik{\"a}inen, Matti},
  journal={Pattern recognition},
  volume={33},
  number={2},
  pages={225--236},
  year={2000},
  publisher={Elsevier}
}
@article{menke2016reservoir,
  title={Reservoir condition imaging of reactive transport in heterogeneous carbonates using fast synchrotron tomography—Effect of initial pore structure and flow conditions},
  author={Menke, HP and Andrew, MG and Blunt, MJ and Bijeljic, B},
  journal={Chemical Geology},
  volume={428},
  pages={15--26},
  year={2016},
  publisher={Elsevier}
}
@article{menke2017dynamic,
  title={Dynamic pore-scale reservoir-condition imaging of reaction in carbonates using synchrotron fast tomography},
  author={Menke, Hannah P and Andrew, Matthew G and Vila-Comamala, Joan and Rau, Christoph and Blunt, Martin J and Bijeljic, Branko},
  journal={JoVE (Journal of Visualized Experiments)},
  number={120},
  pages={e53763},
  year={2017}
}
@article{khanamiri2018fluid,
  title={Fluid topology in pore scale two-phase flow imaged by synchrotron X-ray microtomography},
  author={Khanamiri, Hamid Hosseinzade and Tors{\ae}ter, Ole},
  journal={Water Resources Research},
  volume={54},
  number={3},
  pages={1905--1917},
  year={2018},
  publisher={Wiley Online Library}
}
@article{spurin2019intermittent,
  title={Intermittent fluid connectivity during two-phase flow in a heterogeneous carbonate rock},
  author={Spurin, Catherine and Bultreys, Tom and Bijeljic, Branko and Blunt, Martin J and Krevor, Samuel},
  journal={Physical Review E},
  volume={100},
  number={4},
  pages={043103},
  year={2019},
  publisher={APS}
}