@article{ningning2014distribution,
  title={Distribution patterns and controlling factors of giant carbonate rock oil and gas fields worldwide},
  author={Ningning, Zhang and Dengfa, He and Yanpeng, Sun and Haowu, Li},
  journal={China Petroleum Exploration},
  volume={19},
  number={6},
  pages={54--65},
  year={2014}
}
@article{garland2012advances,
  title={Advances in carbonate exploration and reservoir analysis},
  author={Garland, Joanna and Neilson, Joyce and Laubach, Stephen Ernest and Whidden, Katherine J},
  journal={Geological Society, London, Special Publications},
  volume={370},
  number={1},
  pages={1--15},
  year={2012},
  publisher={Geological Society of London}
}