@article{iglauer2011residual,
  title={Residual CO2 imaged with X-ray micro-tomography},
  author={Iglauer, Stefan and Paluszny, Adriana and Pentland, Christopher H and Blunt, Martin J},
  journal={Geophysical Research Letters},
  volume={38},
  number={21},
  year={2011},
  publisher={Wiley Online Library}
}

@article{prodanovic20073d,
  title={3D image-based characterization of fluid displacement in a Berea core},
  author={Prodanovi{\'c}, M and Lindquist, WB and Seright, RS},
  journal={Advances in Water Resources},
  volume={30},
  number={2},
  pages={214--226},
  year={2007},
  publisher={Elsevier}
}
@article{ramskill2016fast,
  title={Fast imaging of laboratory core floods using 3D compressed sensing RARE MRI},
  author={Ramskill, NP and Bush, I and Sederman, AJ and Mantle, MD and Benning, Martin and Anger, BC and Appel, M and Gladden, LF},
  journal={Journal of Magnetic Resonance},
  volume={270},
  pages={187--197},
  year={2016},
  publisher={Elsevier}
}
@article{berg2013real,
  title={Real-time 3D imaging of Haines jumps in porous media flow},
  author={Berg, Steffen and Ott, Holger and Klapp, Stephan A and Schwing, Alex and Neiteler, Rob and Brussee, Niels and Makurat, Axel and Leu, Leon and Enzmann, Frieder and Schwarz, Jens-Oliver and others},
  journal={Proceedings of the National Academy of Sciences},
  volume={110},
  number={10},
  pages={3755--3759},
  year={2013},
  publisher={National Acad Sciences}
}
@article{pak2015droplet,
  title={Droplet fragmentation: 3D imaging of a previously unidentified pore-scale process during multiphase flow in porous media},
  author={Pak, Tannaz and Butler, Ian B and Geiger, Sebastian and van Dijke, Marinus IJ and Sorbie, Ken S},
  journal={Proceedings of the National Academy of Sciences},
  volume={112},
  number={7},
  pages={1947--1952},
  year={2015},
  publisher={National Acad Sciences}
}
@article{reynolds2017dynamic,
  title={Dynamic fluid connectivity during steady-state multiphase flow in a sandstone},
  author={Reynolds, Catriona A and Menke, Hannah and Andrew, Matthew and Blunt, Martin J and Krevor, Samuel},
  journal={Proceedings of the National Academy of Sciences},
  volume={114},
  number={31},
  pages={8187--8192},
  year={2017},
  publisher={National Acad Sciences}
}

@article{shi2011supercritical,
  title={Supercritical CO2 core flooding and imbibition in Berea sandstone—CT imaging and numerical simulation},
  author={Shi, Ji-Quan and Xue, Ziqiu and Durucan, Sevket},
  journal={Energy Procedia},
  volume={4},
  pages={5001--5008},
  year={2011},
  publisher={Elsevier}
}
@article{iglauer2012comparison,
  title={Comparison of residual oil cluster size distribution, morphology and saturation in oil-wet and water-wet sandstone},
  author={Iglauer, Stefan and Fern{\o}, MA and Shearing, Paul and Blunt, MJ},
  journal={Journal of colloid and interface science},
  volume={375},
  number={1},
  pages={187--192},
  year={2012},
  publisher={Elsevier}
}
@inproceedings{churcher1991rock,
  title={Rock properties of Berea sandstone, Baker dolomite, and Indiana limestone},
  author={Churcher, PL and French, PR and Shaw, JC and Schramm, LL and others},
  booktitle={SPE International Symposium on Oilfield Chemistry},
  volume={20},
  pages={22},
  year={1991},
  organization={Society of Petroleum Engineers Anaheim, CA}
}
@article{abdallah1986fundamentals,
  title={Fundamentals of wettability},
  author={Abdallah, Wael and Buckley, Jill S and Carnegie, Andrew and Edwards, John and Herold, Bernd and Fordham, Edmund and Graue, Arne and Habashy, Tarek and Seleznev, Nikita and Signer, Claude and others},
  journal={Technology},
  volume={38},
  number={1125-1144},
  pages={268},
  year={1986}
}
@article{iglauer2011residual,
  title={Residual CO2 imaged with X-ray micro-tomography},
  author={Iglauer, Stefan and Paluszny, Adriana and Pentland, Christopher H and Blunt, Martin J},
  journal={Geophysical Research Letters},
  volume={38},
  number={21},
  year={2011},
  publisher={Wiley Online Library}
}

@article{shaw2006iupac,
  title={IUPAC-NIST Solubility Data Series. 81. Hydrocarbons with Water and Seawater—Revised and Updated. Part 10. C 11 and C 12 Hydrocarbons with Water},
  author={Shaw, David G and Maczynski, Andrzej and Goral, Marian and Wisniewska-Goclowska, Barbara and Skrzecz, Adam and Owczarek, Iwona and Blazej, Krystyna and Haulait-Pirson, Marie-Claire and Hefter, Glenn T and Kapuku, F and others},
  journal={Journal of physical and chemical reference data},
  volume={35},
  number={1},
  pages={153--203},
  year={2006},
  publisher={NIST}
}

@article{zeppieri2001interfacial,
  title={Interfacial tension of alkane+ water systems},
  author={Zeppieri, Susana and Rodr{\'\i}guez, Jhosgre and L{\'o}pez de Ramos, AL},
  journal={Journal of Chemical \& Engineering Data},
  volume={46},
  number={5},
  pages={1086--1088},
  year={2001},
  publisher={ACS Publications}
}

@article{liu2011measurement,
  title={Measurement of density and viscosity of dodecane and decane with a piezoelectric tuning fork over 298--448 K and 0.1--137.9 MPa},
  author={Liu, Yi and DiFoggio, Rocco and Sanderlin, Kerry and Perez, Louis and Zhao, Jinsong},
  journal={Sensors and Actuators A: Physical},
  volume={167},
  number={2},
  pages={347--353},
  year={2011},
  publisher={Elsevier}
}

@article{fusseis2014low,
  title={A low-cost X-ray-transparent experimental cell for synchrotron-based X-ray microtomography studies under geological reservoir conditions},
  author={Fusseis, Florian and Steeb, Holger and Xiao, Xianghui and Zhu, Wen-lu and Butler, Ian B and Elphick, Stephen and M{\"a}der, Urs},
  journal={Journal of synchrotron radiation},
  volume={21},
  number={1},
  pages={251--253},
  year={2014},
  publisher={International Union of Crystallography}
}

@article{culligan2006pore,
  title={Pore-scale characteristics of multiphase flow in porous media: a comparison of air--water and oil--water experiments},
  author={Culligan, KA and Wildenschild, Dorthe and Christensen, Britt Stenh{\o}j Baun and Gray, WG and Rivers, ML},
  journal={Advances in Water Resources},
  volume={29},
  number={2},
  pages={227--238},
  year={2006},
  publisher={Elsevier}
}

@article{porter2010measurement,
  title={Measurement and prediction of the relationship between capillary pressure, saturation, and interfacial area in a NAPL-water-glass bead system},
  author={Porter, Mark L and Wildenschild, Dorthe and Grant, Gavin and Gerhard, Jason I},
  journal={Water Resources Research},
  volume={46},
  number={8},
  year={2010},
  publisher={Wiley Online Library}
}
@article{buckley1998mechanisms,
  title={Mechanisms of wetting alteration by crude oils},
  author={Buckley, JS and Liu, Y and Monsterleet, S and others},
  journal={SPE journal},
  volume={3},
  number={01},
  pages={54--61},
  year={1998},
  publisher={Society of Petroleum Engineers}
}
@article{vlassenbroeck2006octopus,
  title={Octopus 8: A High Performance Tomographic Reconstruction Package for X-ray Tube and Synchrotron micro-CT},
  author={Vlassenbroeck, Jelle and Masschaele, Bert and Cnudde, Veerle and Dierick, Manuel and Pieters, Koen and Van Hoorebeke, Luc and Jacobs, Patric},
  journal={Advances in X-ray Tomography for Geomaterials},
  pages={167--173},
  year={2006},
  publisher={Wiley Online Library}
}
@article{gursoy2014tomopy,
  title={TomoPy: a framework for the analysis of synchrotron tomographic data},
  author={G{\"u}rsoy, Doga and De Carlo, Francesco and Xiao, Xianghui and Jacobsen, Chris},
  journal={Journal of synchrotron radiation},
  volume={21},
  number={5},
  pages={1188--1193},
  year={2014},
  publisher={International Union of Crystallography}
}
@article{opencv_library,
    author = {Bradski, G.},
    citeulike-article-id = {2236121},
    journal = {Dr. Dobb's Journal of Software Tools},
    keywords = {bibtex-import},
    posted-at = {2008-01-15 19:21:54},
    priority = {4},
    title = {{The OpenCV Library}},
    year = {2000}
}

@article{scikit-image,
 title = {scikit-image: image processing in {P}ython},
 author = {van der Walt, {S}t\'efan and {S}ch\"onberger, {J}ohannes {L}. and
           {Nunez-Iglesias}, {J}uan and {B}oulogne, {F}ran\c{c}ois and {W}arner,
           {J}oshua {D}. and {Y}ager, {N}eil and {G}ouillart, {E}mmanuelle and
           {Y}u, {T}ony and the scikit-image contributors},
 year = {2014},
 month = {6},
 keywords = {Image processing, Reproducible research, Education,
             Visualization, Open source, Python, Scientific programming},
 volume = {2},
 pages = {e453},
 journal = {PeerJ},
 issn = {2167-8359},
 url = {https://doi.org/10.7717/peerj.453},
 doi = {10.7717/peerj.453}
}

@article{hanson1981radiology,
  title={Radiology of the Skull and Brain, Vol. 5: Technical Aspects of Computed Tomography},
  author={Hanson, KM},
  journal={St. Louis: The CV Mosby Company},
  pages={3941--54},
  year={1981}
}
@article{huang1979fast,
  title={A fast two-dimensional median filtering algorithm},
  author={Huang, T and Yang, GJTGY and Tang, Greory},
  journal={IEEE Transactions on Acoustics, Speech, and Signal Processing},
  volume={27},
  number={1},
  pages={13--18},
  year={1979},
  publisher={IEEE}
}
@article{buades2011non,
  title={Non-local means denoising},
  author={Buades, Antoni and Coll, Bartomeu and Morel, Jean-Michel},
  journal={Image Processing On Line},
  volume={1},
  pages={208--212},
  year={2011}
}

@article{kak2002principles,
  title={Principles of computerized tomographic imaging},
  author={Kak, Avinash C and Slaney, Malcolm and Wang, Ge},
  journal={Medical Physics},
  volume={29},
  number={1},
  pages={107--107},
  year={2002},
  publisher={Wiley Online Library}
}
@article{marone2012regridding,
  title={Regridding reconstruction algorithm for real-time tomographic imaging},
  author={Marone, F and Stampanoni, M},
  journal={Journal of synchrotron radiation},
  volume={19},
  number={6},
  pages={1029--1037},
  year={2012},
  publisher={International Union of Crystallography}
}

@inproceedings{dowd1999developments,
  title={Developments in synchrotron x-ray computed microtomography at the National Synchrotron Light Source},
  author={Dowd, Betsy A and Campbell, Graham H and Marr, Robert B and Nagarkar, Vivek V and Tipnis, Sameer V and Axe, Lisa and Siddons, D Peter},
  booktitle={Developments in X-ray Tomography II},
  volume={3772},
  pages={224--236},
  year={1999},
  organization={International Society for Optics and Photonics}
}

@phdthesis{Pak2014thesis,
    title    = {Saturation Tracking and Identification of Residual Oil Saturation },
    school   = {The University of Edinburgh},
    author   = {Pak,Tannaz},
    year     = {2014} 
}

@inproceedings{grady2005multilabel,
  title={Multilabel random walker image segmentation using prior models},
  author={Grady, Leo},
  booktitle={CVPR (1)},
  pages={763--770},
  year={2005},
  organization={Citeseer}
}
@article{otsu1979threshold,
  title={A threshold selection method from gray-level histograms},
  author={Otsu, Nobuyuki},
  journal={IEEE transactions on systems, man, and cybernetics},
  volume={9},
  number={1},
  pages={62--66},
  year={1979},
  publisher={IEEE}
}
@book{serra1983image,
  title={Image analysis and mathematical morphology},
  author={Serra, Jean},
  year={1983},
  publisher={Academic Press, Inc.}
}
@article{andrew2015imaging,
  title={The imaging of dynamic multiphase fluid flow using synchrotron-based X-ray microtomography at reservoir conditions},
  author={Andrew, Matthew and Menke, Hannah and Blunt, Martin J and Bijeljic, Branko},
  journal={Transport in Porous Media},
  volume={110},
  number={1},
  pages={1--24},
  year={2015},
  publisher={Springer}
}
@article{singh2016imaging,
  title={Imaging of oil layers, curvature and contact angle in a mixed-wet and a water-wet carbonate rock},
  author={Singh, Kamaljit and Bijeljic, Branko and Blunt, Martin J},
  journal={Water Resources Research},
  volume={52},
  number={3},
  pages={1716--1728},
  year={2016},
  publisher={Wiley Online Library}
}
@article{doyle1984random,
  title={Random walks and electri networks},
  author={Doyle, Peter},
  journal={Mathematical Assoc. of America},
  year={1984}
}
@article{mecke2005fluids,
  title={Fluids in porous media: a morphometric approach},
  author={Mecke, Klaus and Arns, CH},
  journal={Journal of Physics: Condensed Matter},
  volume={17},
  number={9},
  pages={S503},
  year={2005},
  publisher={IOP Publishing}
}
@article{serra1986introduction,
  title={Introduction to mathematical morphology},
  author={Serra, Jean},
  journal={Computer vision, graphics, and image processing},
  volume={35},
  number={3},
  pages={283--305},
  year={1986},
  publisher={Elsevier}
}
@article{vogel2001quantitative,
  title={Quantitative morphology and network representation of soil pore structure},
  author={Vogel, H-J and Roth, K},
  journal={Advances in water resources},
  volume={24},
  number={3-4},
  pages={233--242},
  year={2001},
  publisher={Elsevier}
}
@incollection{vogel2002topological,
  title={Topological characterization of porous media},
  author={Vogel, Hans-J{\"o}rg},
  booktitle={Morphology of condensed matter},
  pages={75--92},
  year={2002},
  publisher={Springer}
}
@book{blunt2017multiphase,
  title={Multiphase flow in permeable media: A pore-scale perspective},
  author={Blunt, Martin J},
  year={2017},
  publisher={Cambridge University Press}
}
@article{kaneko1994determination,
  title={Determination of pore size and pore size distribution: 1. Adsorbents and catalysts},
  author={Kaneko, Katsumi},
  journal={Journal of membrane science},
  volume={96},
  number={1-2},
  pages={59--89},
  year={1994},
  publisher={Elsevier}
}
@article{yang2009image,
  title={An image-based method for obtaining pore-size distribution of porous media},
  author={Yang, Zhen and Peng, Xiao-Feng and Lee, Duu-Jong and Chen, Ming-Yuan},
  journal={Environmental science \& technology},
  volume={43},
  number={9},
  pages={3248--3253},
  year={2009},
  publisher={ACS Publications}
}
@article{delerue1999new,
  title={New algorithms in 3D image analysis and their application to the measurement of a spatialized pore size distribution in soils},
  author={Delerue, JF and Perrier, Edith and Yu, ZY and Velde, B},
  journal={Physics and Chemistry of the Earth, Part A: Solid Earth and Geodesy},
  volume={24},
  number={7},
  pages={639--644},
  year={1999},
  publisher={Elsevier}
}
@article{gostickporespy,
  title={PoreSpy: A Python Toolkit for Quantitative Analysis of Porous Media Images},
  author={Gostick, Jeff T and Khan, Zohaib A and Tranter, Thomas G and Kok, Matthew DR and Agnaou, Mehrez and Sadeghi, Mohammadamin and Jervis, Rhodri},
  journal={The Journal of Open Source Software},
  year={2019},
}

@book{niblack1985introduction,
  title={An introduction to digital image processing},
  author={Niblack, Wayne},
  year={1985},
  publisher={Strandberg Publishing Company}
}